{"gold_per_floor":[109,123,123,146,146,146,186,186,186,199,199,232,257,278,278,374,374,399,449,364,378,303,339,339,382,450,450,375,414,455,478,478,577,577,592,444,444,468,499,537,555,555,581,602,642,975,1006,1228,1228,1228],"floor_reached":51,"playtime":1789,"items_purged":["Strike_R","Strike_R"],"score":1389,"play_id":"d93a4396-5626-45ba-9099-4faff5cad104","local_time":"20201211191009","is_ascension_mode":true,"campfire_choices":[{"data":"Immolate","floor":6.0,"key":"SMITH"},{"data":"Bash","floor":8.0,"key":"SMITH"},{"data":"Armaments","floor":11.0,"key":"SMITH"},{"data":"Clothesline","floor":15.0,"key":"SMITH"},{"floor":24.0,"key":"REST"},{"data":"Anger","floor":27.0,"key":"SMITH"},{"data":"Metallicize","floor":32.0,"key":"SMITH"},{"floor":42,"key":"REST"},{"floor":49,"key":"REST"}],"neow_cost":"NONE","seed_source_timestamp":26129375341300,"circlet_count":0,"master_deck":["AscendersBane","Strike_R","Defend_R","Defend_R","Defend_R","Defend_R","Bash+1","Anger+1","Immolate+1","Armaments+1","Shrug It Off","Metallicize+1","Clothesline+1","Twin Strike","Battle Trance","Impervious","Shrug It Off+1","Fiend Fire","Headbutt+1","Twin Strike","Offering","Shrug It Off+1","Twin Strike+1","Demon Form+1","Battle Trance","Ghostly Armor+1"],"special_seed":0,"relics":["Burning Blood","Ornamental Fan","HornCleat","TungstenRod","Philosopher\u0027s Stone","Juzu Bracelet","Shuriken","Anchor","Kunai","Red Mask","Frozen Egg 2","Fusion Hammer","Ice Cream","Mercury Hourglass","Lantern","Vajra","Regal Pillow"],"potions_floor_usage":[40,50],"damage_taken":[{"damage":6.0,"enemies":"2 Louse","floor":1.0,"turns":3.0},{"damage":7.0,"enemies":"Jaw Worm","floor":2.0,"turns":3.0},{"damage":6.0,"enemies":"Cultist","floor":4.0,"turns":4.0},{"damage":10.0,"enemies":"3 Sentries","floor":7.0,"turns":5.0},{"damage":5.0,"enemies":"Red Slaver","floor":10.0,"turns":2.0},{"damage":5.0,"enemies":"Gremlin Nob","floor":12.0,"turns":5.0},{"damage":7.0,"enemies":"Looter","floor":13.0,"turns":2.0},{"damage":1.0,"enemies":"2 Fungi Beasts","floor":14.0,"turns":3.0},{"damage":11.0,"enemies":"Hexaghost","floor":16.0,"turns":7.0},{"damage":6.0,"enemies":"2 Thieves","floor":18.0,"turns":2.0},{"damage":10.0,"enemies":"Shell Parasite","floor":21.0,"turns":3.0},{"damage":42.0,"enemies":"Gremlin Leader","floor":23.0,"turns":7.0},{"damage":1.0,"enemies":"Book of Stabbing","floor":25.0,"turns":5.0},{"damage":0.0,"enemies":"Masked Bandits","floor":29.0,"turns":3.0},{"damage":7.0,"enemies":"Gremlin Leader","floor":30.0,"turns":6.0},{"damage":0.0,"enemies":"3 Cultists","floor":31.0,"turns":2.0},{"damage":9,"enemies":"Collector","floor":33,"turns":12},{"damage":0,"enemies":"3 Darklings","floor":35,"turns":4},{"damage":5,"enemies":"Orb Walker","floor":38,"turns":2},{"damage":5,"enemies":"Mind Bloom Boss Battle","floor":39,"turns":5},{"damage":20,"enemies":"Giant Head","floor":40,"turns":7},{"damage":5,"enemies":"Maw","floor":41,"turns":5},{"damage":0,"enemies":"Jaw Worm Horde","floor":44,"turns":4},{"damage":13,"enemies":"Nemesis","floor":45,"turns":5},{"damage":12,"enemies":"Giant Head","floor":47,"turns":6},{"damage":10,"enemies":"Donu and Deca","floor":50,"turns":8}],"seed_played":"-2291480384155815379","potions_obtained":[{"floor":1.0,"key":"Strength Potion"},{"floor":12.0,"key":"ElixirPotion"},{"floor":13.0,"key":"Strength Potion"},{"floor":16.0,"key":"BlessingOfTheForge"},{"floor":23.0,"key":"Block Potion"},{"floor":29.0,"key":"EssenceOfSteel"},{"floor":31.0,"key":"Ancient Potion"},{"floor":40,"key":"SteroidPotion"}],"is_trial":false,"path_per_floor":["M","M","?","M","?","R","E","R","T","M","R","E","M","M","R","B",null,"M","?","?","M","$","E","R","E","T","R","?","?","E","M","R","B",null,"M","$","?","M","?","E","M","R","T","M","E","?","E","?","R","B",null],"character_chosen":"IRONCLAD","items_purchased":["Strength Potion"],"campfire_rested":3,"item_purchase_floors":[36],"current_hp_per_floor":[68,67,67,67,68,68,64,64,64,65,65,66,65,68,68,63,67,67,67,67,63,63,27,47,52,52,52,52,58,57,63,63,60,66,68,68,65,65,65,51,52,65,65,65,58,58,52,52,65,61],"gold":1228,"neow_bonus":"TRANSFORM_CARD","is_prod":false,"is_daily":false,"chose_seed":false,"campfire_upgraded":6,"win_rate":0,"timestamp":1607742609,"path_taken":["M","M","?","M","?","R","E","R","T","M","R","E","?","M","R","BOSS","M","?","?","M","$","E","R","E","T","R","?","?","E","M","R","BOSS","M","$","?","M","?","E","M","R","T","M","E","?","E","?","R","BOSS"],"build_version":"2020-11-30","purchased_purges":2,"victory":true,"max_hp_per_floor":[75,75,68,68,68,68,68,68,68,68,68,68,68,68,68,68,68,68,68,68,68,68,68,68,68,68,68,68,68,68,68,68,68,68,68,68,65,65,65,65,65,65,65,65,65,65,65,65,65,65],"card_choices":[{"not_picked":["Ghostly Armor","Intimidate"],"picked":"Anger","floor":1.0},{"not_picked":["Cleave","Headbutt"],"picked":"Immolate","floor":2.0},{"not_picked":["Evolve","Shrug It Off"],"picked":"Armaments","floor":4.0},{"not_picked":["Berserk","Havoc"],"picked":"Shrug It Off","floor":7.0},{"not_picked":["Flame Barrier","Bloodletting"],"picked":"Metallicize","floor":10.0},{"not_picked":["Anger","Heavy Blade"],"picked":"Clothesline","floor":12.0},{"not_picked":["Shockwave","Cleave"],"picked":"Twin Strike","floor":13.0},{"not_picked":["True Grit","Intimidate"],"picked":"Battle Trance","floor":14.0},{"not_picked":["Immolate","Double Tap"],"picked":"Impervious","floor":16.0},{"not_picked":["Clash","Sword Boomerang","Reckless Charge"],"picked":"SKIP","floor":18.0},{"not_picked":["Iron Wave","Clash+1"],"picked":"Shrug It Off+1","floor":21.0},{"not_picked":["Fire Breathing","Whirlwind"],"picked":"Fiend Fire","floor":23.0},{"not_picked":["Shrug It Off","Twin Strike","Barricade"],"picked":"SKIP","floor":25.0},{"not_picked":["Pommel Strike","Clash"],"picked":"Headbutt+1","floor":29.0},{"not_picked":["Perfected Strike","Feed"],"picked":"Twin Strike","floor":30.0},{"not_picked":["Twin Strike","Flex","Hemokinesis"],"picked":"SKIP","floor":31.0},{"not_picked":["Impervious","Reaper"],"picked":"Offering","floor":33},{"not_picked":["Cleave","Anger+1"],"picked":"Shrug It Off+1","floor":35},{"not_picked":["Clash","Dark Embrace+1"],"picked":"Twin Strike+1","floor":38},{"not_picked":["Brutality+1","Shrug It Off"],"picked":"Demon Form+1","floor":40},{"not_picked":["Body Slam","Warcry","Second Wind"],"picked":"SKIP","floor":41},{"not_picked":["Flex","Hemokinesis","Warcry"],"picked":"SKIP","floor":44},{"not_picked":["Flame Barrier","Cleave"],"picked":"Battle Trance","floor":45},{"not_picked":["Sword Boomerang","Sentinel+1"],"picked":"Ghostly Armor+1","floor":47}],"player_experience":4576112,"relics_obtained":[{"floor":7.0,"key":"Ornamental Fan"},{"floor":9.0,"key":"HornCleat"},{"floor":12.0,"key":"TungstenRod"},{"floor":23.0,"key":"Shuriken"},{"floor":25.0,"key":"Anchor"},{"floor":26.0,"key":"Kunai"},{"floor":29.0,"key":"Red Mask"},{"floor":30.0,"key":"Frozen Egg 2"},{"floor":39,"key":"Ice Cream"},{"floor":40,"key":"Mercury Hourglass"},{"floor":43,"key":"Lantern"},{"floor":45,"key":"Vajra"},{"floor":47,"key":"Regal Pillow"}],"event_choices":[{"damage_healed":0.0,"max_hp_gain":0.0,"max_hp_loss":7.0,"gold_gain":0.0,"event_name":"Golden Idol","player_choice":"Lose Max HP","floor":3.0,"gold_loss":0.0,"damage_taken":0.0,"relics_obtained":["Golden Idol"]},{"cards_removed":["Entrench"],"damage_healed":1.0,"max_hp_gain":0.0,"max_hp_loss":0.0,"gold_gain":0.0,"event_name":"Bonfire Elementals","player_choice":"Offered Uncommon","floor":5.0,"gold_loss":0.0,"damage_taken":0.0},{"damage_healed":0.0,"max_hp_gain":0.0,"max_hp_loss":0.0,"gold_gain":50.0,"event_name":"Nest","player_choice":"Stole From Cult","floor":19.0,"gold_loss":0.0,"damage_taken":0.0},{"damage_healed":0.0,"max_hp_gain":0.0,"max_hp_loss":0.0,"gold_gain":0.0,"event_name":"Addict","player_choice":"Obtained Relic","floor":20.0,"gold_loss":85.0,"damage_taken":0.0,"relics_obtained":["Juzu Bracelet"]},{"cards_removed":["Strike_R"],"damage_healed":0.0,"max_hp_gain":0.0,"max_hp_loss":0.0,"gold_gain":0.0,"event_name":"Beggar","player_choice":"Gave Gold","floor":28.0,"gold_loss":75.0,"damage_taken":0.0},{"damage_healed":0.0,"max_hp_gain":0.0,"max_hp_loss":0.0,"gold_gain":0.0,"event_name":"Masked Bandits","player_choice":"Fought Bandits","floor":29.0,"gold_loss":0.0,"damage_taken":0.0},{"damage_healed":0,"gold_gain":0,"player_choice":"Max HP","damage_taken":0,"max_hp_gain":0,"max_hp_loss":3,"event_name":"Winding Halls","floor":37,"gold_loss":0},{"damage_healed":0,"gold_gain":0,"player_choice":"Fight","damage_taken":0,"max_hp_gain":0,"max_hp_loss":0,"event_name":"MindBloom","floor":39,"gold_loss":0},{"damage_healed":0,"gold_gain":333,"player_choice":"Gave Idol","damage_taken":0,"max_hp_gain":0,"max_hp_loss":0,"event_name":"The Moai Head","floor":46,"relics_lost":["Golden Idol"],"gold_loss":0},{"damage_healed":0,"gold_gain":222,"player_choice":"Wore Mask","damage_taken":0,"max_hp_gain":0,"max_hp_loss":0,"event_name":"Tomb of Lord Red Mask","floor":48,"gold_loss":0}],"is_beta":false,"boss_relics":[{"not_picked":["Ectoplasm","Tiny House"],"picked":"Philosopher\u0027s Stone"},{"not_picked":["Snecko Eye","Pandora\u0027s Box"],"picked":"Fusion Hammer"}],"items_purged_floors":[22,36],"is_endless":false,"potions_floor_spawned":[1,12,13,14,16,23,29,31,40,44,45],"ascension_level":15}