{"gold_per_floor":[113,127,127,11,11,11,39,57,57,85,105,138,138,138,138,217,217,237,237,255,255,266,266,298,298,346,363,378,404,404,435,435,507,507,524,524,192,192,212,239,239,265,265,265,296,308,308,323,323,323],"floor_reached":51,"playtime":1817,"items_purged":[],"score":1513,"play_id":"7f20cb8b-9a22-4f66-9f04-2428fa0129da","local_time":"20210110145948","is_ascension_mode":true,"campfire_choices":[{"data":"Carnage","floor":6.0,"key":"SMITH"},{"data":"Feel No Pain","floor":13.0,"key":"SMITH"},{"data":"Demon Form","floor":15.0,"key":"SMITH"},{"floor":23.0,"key":"REST"},{"data":"Clothesline","floor":25.0,"key":"SMITH"},{"data":"Bash","floor":32.0,"key":"SMITH"},{"data":"Immolate","floor":41,"key":"SMITH"},{"data":"Corruption","floor":44,"key":"SMITH"},{"data":"Pommel Strike","floor":49,"key":"SMITH"}],"neow_cost":"NONE","seed_source_timestamp":937999672077000,"circlet_count":0,"master_deck":["AscendersBane","Defend_R","Defend_R","Defend_R","Defend_R","Bash+1","Shrug It Off","Demon Form+1","Carnage+1","Feel No Pain+1","Twin Strike","Shrug It Off","Corruption+1","Reaper","Heavy Blade+1","Necronomicurse","Reaper","Clothesline+1","Uppercut+1","Pommel Strike+1","Immolate+1","Metallicize+1","Pummel+1","Reaper+1","Ghostly Armor","Seeing Red+1","Armaments+1","Pommel Strike+1","Ghostly Armor+1","Dual Wield+1","Sentinel+1","Battle Trance+1","Sword Boomerang+1"],"special_seed":0,"relics":["Burning Blood","NeowsBlessing","Akabeko","Pantograph","Art of War","Bag of Marbles","Sozu","Necronomicon","Self Forming Clay","Bag of Preparation","Bronze Scales","MutagenicStrength","Gremlin Horn","Astrolabe","Toxic Egg 2","Magic Flower","Sundial","Smiling Mask","Blue Candle"],"potions_floor_usage":[50],"damage_taken":[{"damage":0.0,"enemies":"2 Louse","floor":1.0,"turns":1.0},{"damage":0.0,"enemies":"Jaw Worm","floor":2.0,"turns":1.0},{"damage":0.0,"enemies":"Lagavulin","floor":7.0,"turns":1.0},{"damage":0.0,"enemies":"Small Slimes","floor":8.0,"turns":2.0},{"damage":11.0,"enemies":"3 Sentries","floor":10.0,"turns":6.0},{"damage":10.0,"enemies":"Exordium Thugs","floor":11.0,"turns":5.0},{"damage":14.0,"enemies":"Lagavulin","floor":12.0,"turns":7.0},{"damage":52.0,"enemies":"Hexaghost","floor":16.0,"turns":8.0},{"damage":18.0,"enemies":"Chosen","floor":18.0,"turns":7.0},{"damage":34.0,"enemies":"Shell Parasite","floor":20.0,"turns":5.0},{"damage":19.0,"enemies":"Centurion and Healer","floor":22.0,"turns":9.0},{"damage":25.0,"enemies":"Gremlin Leader","floor":24.0,"turns":8.0},{"damage":4.0,"enemies":"Cultist and Chosen","floor":27.0,"turns":5.0},{"damage":27.0,"enemies":"Snecko","floor":28.0,"turns":5.0},{"damage":62.0,"enemies":"Slavers","floor":29.0,"turns":6.0},{"damage":35.0,"enemies":"Gremlin Leader","floor":31.0,"turns":7.0},{"damage":56.0,"enemies":"Automaton","floor":33.0,"turns":8.0},{"damage":24.0,"enemies":"3 Shapes","floor":35.0,"turns":3.0},{"damage":7,"enemies":"Orb Walker","floor":39,"turns":3},{"damage":18,"enemies":"Reptomancer","floor":40,"turns":7},{"damage":20,"enemies":"Giant Head","floor":42,"turns":8},{"damage":0,"enemies":"Reptomancer","floor":45,"turns":2},{"damage":0,"enemies":"Sphere and 2 Shapes","floor":46,"turns":1},{"damage":0,"enemies":"Jaw Worm Horde","floor":48,"turns":1},{"damage":60,"enemies":"Awakened One","floor":50,"turns":9}],"seed_played":"7735191650553506418","potions_obtained":[{"floor":7.0,"key":"Energy Potion"},{"floor":11.0,"key":"Fire Potion"}],"is_trial":false,"path_per_floor":["M","M","?","$","?","R","E","M","T","E","M","E","R","?","R","B",null,"M","$","M","?","M","R","E","R","T","M","M","E","?","E","R","B",null,"M","?","$","?","M","E","R","E","T","R","E","M","?","M","R","B",null],"character_chosen":"IRONCLAD","items_purchased":["Carnage","Regen Potion","Toxic Egg 2","Seeing Red+1","Armaments+1"],"campfire_rested":1,"item_purchase_floors":[4,4,37,37,37],"current_hp_per_floor":[74,75,52,52,45,45,51,57,57,52,48,40,40,40,40,19,61,59,59,41,20,35,57,75,75,75,75,65,75,75,75,75,51,69,70,70,70,70,69,75,75,75,75,75,75,75,75,75,75,75],"gold":323,"neow_bonus":"THREE_ENEMY_KILL","is_prod":false,"is_daily":false,"chose_seed":false,"campfire_upgraded":8,"win_rate":0,"timestamp":1610319588,"path_taken":["M","M","?","?","?","R","E","M","T","E","M","E","R","?","R","BOSS","M","$","M","?","M","R","E","R","T","M","M","E","?","E","R","BOSS","M","?","$","?","M","E","R","E","T","R","E","?","?","M","R","BOSS"],"build_version":"2020-12-22","purchased_purges":0,"victory":true,"max_hp_per_floor":[75,75,75,75,75,75,75,75,75,75,75,75,75,75,75,75,75,75,75,75,75,75,75,75,75,75,75,75,75,75,75,75,75,75,75,75,75,75,75,75,75,75,75,75,75,75,75,75,75,75],"card_choices":[{"not_picked":["Clash","Wild Strike"],"picked":"Shrug It Off","floor":1.0},{"not_picked":["Pommel Strike","Shrug It Off"],"picked":"Demon Form","floor":2.0},{"not_picked":["Rage","Dropkick"],"picked":"Feel No Pain","floor":7.0},{"not_picked":["Warcry","Flex"],"picked":"Twin Strike","floor":8.0},{"not_picked":["Flex","Burning Pact"],"picked":"Shrug It Off","floor":10.0},{"not_picked":["Havoc","Bloodletting"],"picked":"Corruption","floor":11.0},{"not_picked":["Armaments","Clash","Pommel Strike"],"picked":"SKIP","floor":12.0},{"not_picked":["Demon Form","Double Tap"],"picked":"Reaper","floor":16.0},{"not_picked":["Clothesline","Pummel+1"],"picked":"Heavy Blade+1","floor":18.0},{"not_picked":["Rage","Twin Strike","Clothesline"],"picked":"SKIP","floor":20.0},{"not_picked":["Clothesline","Iron Wave"],"picked":"Reaper","floor":22.0},{"not_picked":["Entrench","Wild Strike"],"picked":"Clothesline","floor":24.0},{"not_picked":["Hemokinesis","Warcry","Anger"],"picked":"SKIP","floor":27.0},{"not_picked":["Shockwave","Sever Soul","Havoc"],"picked":"SKIP","floor":28.0},{"not_picked":["Intimidate","Cleave"],"picked":"Uppercut+1","floor":29.0},{"not_picked":["Anger","Combust+1"],"picked":"Pommel Strike","floor":31.0},{"not_picked":["Reaper","Impervious"],"picked":"Immolate","floor":33.0},{"not_picked":["Sentinel","Cleave"],"picked":"Ghostly Armor","floor":35.0},{"not_picked":["Flex+1","Twin Strike"],"picked":"Ghostly Armor+1","floor":39},{"not_picked":["Iron Wave","Infernal Blade+1"],"picked":"Dual Wield+1","floor":40},{"not_picked":["Shockwave+1","Twin Strike","Bludgeon"],"picked":"SKIP","floor":42},{"not_picked":["Sword Boomerang","Pommel Strike"],"picked":"Sentinel+1","floor":45},{"not_picked":["Blood for Blood","Clash"],"picked":"Battle Trance+1","floor":46},{"not_picked":["Thunderclap","Clothesline"],"picked":"Sword Boomerang+1","floor":48}],"player_experience":4688782,"relics_obtained":[{"floor":7.0,"key":"Akabeko"},{"floor":9.0,"key":"Pantograph"},{"floor":10.0,"key":"Art of War"},{"floor":12.0,"key":"Bag of Marbles"},{"floor":21.0,"key":"Necronomicon"},{"floor":24.0,"key":"Self Forming Clay"},{"floor":26.0,"key":"Bag of Preparation"},{"floor":29.0,"key":"Bronze Scales"},{"floor":31.0,"key":"Gremlin Horn"},{"floor":40,"key":"Magic Flower"},{"floor":42,"key":"Sundial"},{"floor":43,"key":"Smiling Mask"},{"floor":45,"key":"Blue Candle"}],"event_choices":[{"damage_healed":0.0,"max_hp_gain":0.0,"max_hp_loss":0.0,"gold_gain":0.0,"event_name":"Shining Light","player_choice":"Entered Light","floor":3.0,"gold_loss":0.0,"damage_taken":23.0,"cards_upgraded":["Strike_R","Strike_R"]},{"cards_removed":["Strike_R"],"damage_healed":0.0,"max_hp_gain":0.0,"max_hp_loss":0.0,"gold_gain":0.0,"event_name":"Golden Wing","player_choice":"Card Removal","floor":5.0,"gold_loss":0.0,"damage_taken":7.0},{"cards_removed":["Strike_R"],"damage_healed":0.0,"max_hp_gain":0.0,"max_hp_loss":0.0,"gold_gain":0.0,"event_name":"Purifier","player_choice":"Purged","floor":14.0,"gold_loss":0.0,"damage_taken":0.0},{"damage_healed":0.0,"max_hp_gain":0.0,"max_hp_loss":0.0,"gold_gain":0.0,"event_name":"Cursed Tome","player_choice":"Obtained Book","floor":21.0,"gold_loss":0.0,"damage_taken":21.0},{"damage_healed":0.0,"max_hp_gain":0.0,"max_hp_loss":0.0,"gold_gain":0.0,"event_name":"Drug Dealer","player_choice":"Inject Mutagens","floor":30.0,"gold_loss":0.0,"damage_taken":0.0,"relics_obtained":["MutagenicStrength"]},{"damage_healed":0.0,"max_hp_gain":0.0,"max_hp_loss":0.0,"gold_gain":0.0,"event_name":"Tomb of Lord Red Mask","player_choice":"Ignored","floor":36.0,"gold_loss":0.0,"damage_taken":0.0},{"damage_healed":0,"gold_gain":0,"player_choice":"1 cards matched","damage_taken":0,"max_hp_gain":0,"max_hp_loss":0,"event_name":"Match and Keep!","floor":38,"gold_loss":0,"cards_obtained":["Pommel Strike"]},{"damage_healed":0,"gold_gain":0,"player_choice":"Forge","damage_taken":0,"max_hp_gain":0,"max_hp_loss":0,"event_name":"Accursed Blacksmith","floor":47,"gold_loss":0,"cards_upgraded":["Pommel Strike"]}],"is_beta":false,"boss_relics":[{"not_picked":["Empty Cage","Runic Dome"],"picked":"Sozu"},{"not_picked":["Black Blood","Tiny House"],"picked":"Astrolabe"}],"items_purged_floors":[],"is_endless":false,"potions_floor_spawned":[7,8,11,12,28,29,33,35,40,48],"ascension_level":15}