{"gold_per_floor":[110,120,132,80,96,96,130,130,130,156,167,167,222,237,237,314,314,332,11,41,91,105,105,105,131,131,131,150,180,194,194,194,266,266,282,282,299,318,119,146,146,157,181,213,227,244,272,272,272,272],"floor_reached":51,"playtime":2059,"items_purged":["Strike_R","Strike_R"],"score":1427,"play_id":"f41d5e64-9d75-4b0f-8085-674ae0e964cd","local_time":"20210129160444","is_ascension_mode":true,"campfire_choices":[{"data":"Whirlwind","floor":6.0,"key":"SMITH"},{"floor":8.0,"key":"REST"},{"data":"Uppercut","floor":12.0,"key":"SMITH"},{"data":"Flame Barrier","floor":15.0,"key":"SMITH"},{"data":"Offering","floor":23.0,"key":"SMITH"},{"floor":32.0,"key":"REST"},{"data":"Sword Boomerang","floor":41.0,"key":"SMITH"},{"floor":49,"key":"REST"}],"neow_cost":"NONE","seed_source_timestamp":0,"circlet_count":0,"master_deck":["AscendersBane","Strike_R","Strike_R+1","Strike_R+1","Defend_R","Defend_R","Defend_R","Defend_R","Bash+1","Whirlwind+1","Iron Wave","Uppercut+1","Flame Barrier+1","Battle Trance","Shrug It Off","Offering+1","Spot Weakness+1","Armaments+1","Sword Boomerang+1","Spot Weakness+1","Shrug It Off+1","Reaper","Ghostly Armor+1","Master of Strategy+1","Entrench+1","Flame Barrier+1"],"special_seed":0,"relics":["Burning Blood","Art of War","Darkstone Periapt","The Courier","Matryoshka","Velvet Choker","Toxic Egg 2","Red Mask","PreservedInsect","Ancient Tea Set","Torii","Bag of Marbles","MealTicket","Smiling Mask","Philosopher\u0027s Stone","Gambling Chip","Whetstone","StrikeDummy","Peace Pipe"],"potions_floor_usage":[50,50],"damage_taken":[{"damage":12.0,"enemies":"Jaw Worm","floor":1.0,"turns":3.0},{"damage":0.0,"enemies":"2 Louse","floor":2.0,"turns":3.0},{"damage":6.0,"enemies":"Cultist","floor":3.0,"turns":4.0},{"damage":16.0,"enemies":"Lots of Slimes","floor":5.0,"turns":2.0},{"damage":35.0,"enemies":"Lagavulin","floor":7.0,"turns":7.0},{"damage":32.0,"enemies":"Gremlin Nob","floor":10.0,"turns":4.0},{"damage":0.0,"enemies":"Exordium Wildlife","floor":11.0,"turns":3.0},{"damage":29.0,"enemies":"Lagavulin Event","floor":13.0,"turns":6.0},{"damage":1.0,"enemies":"Blue Slaver","floor":14.0,"turns":5.0},{"damage":2.0,"enemies":"Slime Boss","floor":16.0,"turns":7.0},{"damage":12.0,"enemies":"Shell Parasite","floor":18.0,"turns":6.0},{"damage":6.0,"enemies":"Masked Bandits","floor":20.0,"turns":2.0},{"damage":6.0,"enemies":"2 Thieves","floor":22.0,"turns":1.0},{"damage":22.0,"enemies":"Book of Stabbing","floor":25.0,"turns":6.0},{"damage":6.0,"enemies":"Centurion and Healer","floor":28.0,"turns":4.0},{"damage":6.0,"enemies":"Gremlin Leader","floor":29.0,"turns":3.0},{"damage":6.0,"enemies":"Snecko","floor":30.0,"turns":3.0},{"damage":35.0,"enemies":"Champ","floor":33.0,"turns":11.0},{"damage":20.0,"enemies":"3 Shapes","floor":35.0,"turns":4.0},{"damage":25.0,"enemies":"3 Darklings","floor":37.0,"turns":4.0},{"damage":6.0,"enemies":"4 Shapes","floor":38.0,"turns":1.0},{"damage":6.0,"enemies":"Giant Head","floor":40.0,"turns":5.0},{"damage":8.0,"enemies":"Writhing Mass","floor":42.0,"turns":4.0},{"damage":3.0,"enemies":"Reptomancer","floor":44.0,"turns":6.0},{"damage":6.0,"enemies":"3 Darklings","floor":45.0,"turns":2.0},{"damage":7.0,"enemies":"Maw","floor":46.0,"turns":7.0},{"damage":67.0,"enemies":"Giant Head","floor":47.0,"turns":8.0},{"damage":9,"enemies":"Awakened One","floor":50,"turns":11}],"seed_played":"-699887195287991908","potions_obtained":[{"floor":7.0,"key":"EntropicBrew"},{"floor":10.0,"key":"SteroidPotion"},{"floor":13.0,"key":"DistilledChaos"},{"floor":16.0,"key":"Fire Potion"},{"floor":25.0,"key":"DuplicationPotion"},{"floor":33.0,"key":"SpeedPotion"},{"floor":40.0,"key":"EssenceOfSteel"},{"floor":47.0,"key":"ColorlessPotion"}],"is_trial":false,"path_per_floor":["M","M","M","$","M","R","E","R","T","E","M","R","?","M","R","B",null,"M","$","?","?","M","R","?","E","T","T","M","E","M","?","R","B",null,"M","?","M","M","$","E","R","M","T","E","M","M","E","?","R","B",null],"character_chosen":"IRONCLAD","items_purchased":["SteroidPotion","Toxic Egg 2","Spot Weakness+1","Master of Strategy+1"],"campfire_rested":3,"item_purchase_floors":[4,19,19,39],"current_hp_per_floor":[62,68,68,68,58,58,29,51,51,25,31,31,8,13,13,17,61,55,55,55,55,55,55,61,45,45,45,45,45,45,45,69,40,71,81,81,81,81,81,81,81,79,79,81,81,81,20,20,44,66],"gold":272,"neow_bonus":"UPGRADE_CARD","is_prod":false,"is_daily":false,"chose_seed":false,"campfire_upgraded":5,"win_rate":0,"timestamp":1611965084,"path_taken":["M","M","M","$","M","R","E","R","T","E","M","R","?","M","R","BOSS","M","$","?","?","M","R","?","E","T","?","?","E","M","?","R","BOSS","M","?","?","M","$","E","R","M","T","E","?","M","E","?","R","BOSS"],"build_version":"2020-12-22","purchased_purges":2,"victory":true,"max_hp_per_floor":[75,75,75,75,75,75,75,75,75,75,75,75,75,75,75,75,75,75,75,75,75,75,75,81,81,81,81,81,81,81,81,81,81,81,81,81,81,81,81,81,81,81,81,81,81,81,81,81,81,81],"card_choices":[{"not_picked":["Warcry","Thunderclap","Body Slam"],"picked":"SKIP","floor":1.0},{"not_picked":["Armaments","Perfected Strike"],"picked":"Whirlwind","floor":2.0},{"not_picked":["Flex","Heavy Blade","Body Slam"],"picked":"SKIP","floor":3.0},{"not_picked":["Warcry","Sword Boomerang"],"picked":"Iron Wave","floor":5.0},{"not_picked":["Bludgeon","Clothesline"],"picked":"Uppercut","floor":7.0},{"not_picked":["Feel No Pain","Clothesline"],"picked":"Flame Barrier","floor":10.0},{"not_picked":["Wild Strike","Twin Strike"],"picked":"Battle Trance","floor":11.0},{"not_picked":["Perfected Strike","Intimidate"],"picked":"Shrug It Off","floor":14.0},{"not_picked":["Double Tap","Demon Form"],"picked":"Offering","floor":16.0},{"not_picked":["Havoc","True Grit","Body Slam"],"picked":"SKIP","floor":18.0},{"not_picked":["Rage+1","Clothesline"],"picked":"Armaments+1","floor":20.0},{"not_picked":["Sword Boomerang","Cleave","Headbutt"],"picked":"SKIP","floor":22.0},{"not_picked":["Iron Wave","Sentinel+1","Uppercut"],"picked":"SKIP","floor":25.0},{"not_picked":["Wild Strike","Havoc+1","Iron Wave+1"],"picked":"SKIP","floor":28.0},{"not_picked":["Uppercut","Infernal Blade+1"],"picked":"Sword Boomerang","floor":29.0},{"not_picked":["Double Tap+1","Shrug It Off+1"],"picked":"Spot Weakness+1","floor":30.0},{"not_picked":["Demon Form","Corruption"],"picked":"Reaper","floor":33.0},{"not_picked":["Sword Boomerang","Thunderclap","Perfected Strike"],"picked":"SKIP","floor":35.0},{"not_picked":["Flex+1","Fire Breathing+1"],"picked":"Ghostly Armor+1","floor":37.0},{"not_picked":["Armaments+1","Cleave+1","Twin Strike"],"picked":"SKIP","floor":38.0},{"not_picked":["Clothesline","Battle Trance+1"],"picked":"Entrench+1","floor":40.0},{"not_picked":["Blood for Blood+1","Flex+1","Reaper"],"picked":"SKIP","floor":42.0},{"not_picked":["Whirlwind","Carnage","Cleave+1"],"picked":"SKIP","floor":44.0},{"not_picked":["Clothesline","Carnage","Iron Wave+1"],"picked":"SKIP","floor":45.0},{"not_picked":["Reckless Charge","Rage+1"],"picked":"Flame Barrier+1","floor":46.0},{"not_picked":["Rupture","Wild Strike+1","Rage+1"],"picked":"SKIP","floor":47.0}],"player_experience":4720444,"relics_obtained":[{"floor":7.0,"key":"Art of War"},{"floor":9.0,"key":"Darkstone Periapt"},{"floor":10.0,"key":"The Courier"},{"floor":13.0,"key":"Matryoshka"},{"floor":20.0,"key":"Red Mask"},{"floor":25.0,"key":"PreservedInsect"},{"floor":26.0,"key":"Ancient Tea Set"},{"floor":26.0,"key":"Torii"},{"floor":27.0,"key":"Bag of Marbles"},{"floor":27.0,"key":"MealTicket"},{"floor":29.0,"key":"Smiling Mask"},{"floor":40.0,"key":"Gambling Chip"},{"floor":43.0,"key":"Whetstone"},{"floor":44.0,"key":"StrikeDummy"},{"floor":47.0,"key":"Peace Pipe"}],"event_choices":[{"damage_healed":0.0,"max_hp_gain":0.0,"max_hp_loss":0.0,"gold_gain":30.0,"event_name":"Dead Adventurer","player_choice":"Searched \u00272\u0027 times","floor":13.0,"gold_loss":0.0,"damage_taken":0.0},{"damage_healed":0.0,"max_hp_gain":0.0,"max_hp_loss":0.0,"gold_gain":0.0,"event_name":"Masked Bandits","player_choice":"Fought Bandits","floor":20.0,"gold_loss":0.0,"damage_taken":0.0},{"damage_healed":0.0,"max_hp_gain":0.0,"max_hp_loss":0.0,"gold_gain":50.0,"event_name":"Nest","player_choice":"Stole From Cult","floor":21.0,"gold_loss":0.0,"damage_taken":0.0},{"damage_healed":0.0,"max_hp_gain":0.0,"max_hp_loss":0.0,"gold_gain":0.0,"event_name":"Forgotten Altar","player_choice":"Smashed Altar","floor":24.0,"gold_loss":0.0,"damage_taken":0.0,"cards_obtained":["Decay"]},{"damage_healed":0.0,"max_hp_gain":0.0,"max_hp_loss":0.0,"gold_gain":0.0,"event_name":"The Library","player_choice":"Read","floor":31.0,"gold_loss":0.0,"damage_taken":0.0,"cards_obtained":["Shrug It Off"]},{"cards_removed":["Decay"],"damage_healed":0.0,"max_hp_gain":0.0,"max_hp_loss":0.0,"gold_gain":0.0,"event_name":"Fountain of Cleansing","player_choice":"Removed Curses","floor":36.0,"gold_loss":0.0,"damage_taken":0.0},{"damage_healed":0,"gold_gain":0,"player_choice":"Ignored","damage_taken":0,"max_hp_gain":0,"max_hp_loss":0,"event_name":"Mysterious Sphere","floor":48,"gold_loss":0}],"is_beta":false,"boss_relics":[{"not_picked":["Runic Pyramid","Empty Cage"],"picked":"Velvet Choker"},{"not_picked":["Calling Bell","Black Star"],"picked":"Philosopher\u0027s Stone"}],"items_purged_floors":[19,39],"is_endless":false,"potions_floor_spawned":[7,10,13,16,18,25,33,35,40,47],"ascension_level":15}