{"gold_per_floor":[413,0,16,39,39,67,67,96,119,135,151,178,190,200,200,276,276,293,304,177,191,201,201,233,247,247,247,247,247,263,298,298,376,376,389,439,457,470,480,480,507,507,507,532,532,546,579,102,102,102],"floor_reached":51,"playtime":2623,"items_purged":["Strike_R","Strike_R"],"score":1480,"play_id":"b37c8090-9732-4c09-bce6-27fd093e6571","local_time":"20210120201553","is_ascension_mode":true,"campfire_choices":[{"data":"Armaments","floor":7.0,"key":"SMITH"},{"data":"Feed","floor":15.0,"key":"SMITH"},{"data":"Battle Trance","floor":23.0,"key":"SMITH"},{"data":"Metallicize","floor":27.0,"key":"SMITH"},{"data":"Spot Weakness","floor":29.0,"key":"SMITH"},{"data":"Inflame","floor":32.0,"key":"SMITH"},{"data":"Disarm","floor":40,"key":"SMITH"},{"data":"Limit Break","floor":42,"key":"SMITH"},{"data":"Exhume","floor":49,"key":"SMITH"}],"neow_cost":"PERCENT_DAMAGE","seed_source_timestamp":559532243609000,"circlet_count":0,"master_deck":["AscendersBane","Defend_R","Defend_R","Defend_R","Defend_R","Bash","Inflame+1","Feed+1","Battle Trance+1","Clothesline+1","Armaments+1","Spot Weakness+1","Impervious","Cleave+1","Feel No Pain","Sword Boomerang+1","Shrug It Off","Metallicize+1","Reaper","Limit Break+1","Clash+1","Iron Wave+1","Clothesline+1","Heavy Blade+1","Uppercut+1","Disarm+1","Impervious","Exhume+1"],"special_seed":0,"relics":["Burning Blood","Old Coin","Strange Spoon","Art of War","Anchor","Bag of Marbles","Ornamental Fan","Nunchaku","Bottled Lightning","Velvet Choker","MealTicket","Pocketwatch","Toy Ornithopter","Astrolabe","Whetstone","Bottled Tornado","Bag of Preparation","Darkstone Periapt","TheAbacus"],"potions_floor_usage":[50,50],"damage_taken":[{"damage":11.0,"enemies":"Cultist","floor":1.0,"turns":4.0},{"damage":3.0,"enemies":"Jaw Worm","floor":3.0,"turns":4.0},{"damage":50.0,"enemies":"3 Sentries","floor":6.0,"turns":10.0},{"damage":20.0,"enemies":"Lagavulin","floor":8.0,"turns":8.0},{"damage":0.0,"enemies":"Small Slimes","floor":10.0,"turns":2.0},{"damage":0.0,"enemies":"Exordium Wildlife","floor":11.0,"turns":3.0},{"damage":27.0,"enemies":"Gremlin Nob","floor":12.0,"turns":4.0},{"damage":0.0,"enemies":"Looter","floor":13.0,"turns":2.0},{"damage":7.0,"enemies":"2 Fungi Beasts","floor":14.0,"turns":5.0},{"damage":29.0,"enemies":"Hexaghost","floor":16.0,"turns":9.0},{"damage":11.0,"enemies":"2 Thieves","floor":18.0,"turns":5.0},{"damage":7.0,"enemies":"Spheric Guardian","floor":19.0,"turns":3.0},{"damage":15.0,"enemies":"Snake Plant","floor":21.0,"turns":4.0},{"damage":5.0,"enemies":"3 Cultists","floor":22.0,"turns":4.0},{"damage":39.0,"enemies":"Gremlin Leader","floor":24.0,"turns":10.0},{"damage":9.0,"enemies":"Centurion and Healer","floor":25.0,"turns":9.0},{"damage":14.0,"enemies":"Snake Plant","floor":30.0,"turns":6.0},{"damage":30.0,"enemies":"Slavers","floor":31.0,"turns":5.0},{"damage":25.0,"enemies":"Automaton","floor":33.0,"turns":10.0},{"damage":1.0,"enemies":"3 Shapes","floor":35.0,"turns":8.0},{"damage":46.0,"enemies":"3 Darklings","floor":37.0,"turns":5.0},{"damage":12,"enemies":"Transient","floor":38,"turns":5},{"damage":33,"enemies":"Maw","floor":39,"turns":8},{"damage":64,"enemies":"Giant Head","floor":41,"turns":9},{"damage":6,"enemies":"Nemesis","floor":44,"turns":5},{"damage":0,"enemies":"Sphere and 2 Shapes","floor":46,"turns":6},{"damage":1,"enemies":"Giant Head","floor":47,"turns":6},{"damage":32,"enemies":"Awakened One","floor":50,"turns":16}],"seed_played":"-1199893607213076530","potions_obtained":[{"floor":1.0,"key":"Weak Potion"},{"floor":6.0,"key":"BloodPotion"},{"floor":11.0,"key":"Dexterity Potion"},{"floor":14.0,"key":"PowerPotion"},{"floor":18.0,"key":"LiquidMemories"},{"floor":31.0,"key":"SpeedPotion"},{"floor":37.0,"key":"BlessingOfTheForge"},{"floor":41,"key":"PowerPotion"}],"is_trial":false,"path_per_floor":["M","$","M","T","T","E","R","E","T","M","M","E","M","M","R","B",null,"M","M","$","M","M","R","E","M","T","R","?","R","M","E","R","B",null,"M","?","M","M","M","R","E","R","T","E","?","M","E","$","R","B",null],"character_chosen":"IRONCLAD","items_purchased":["Feed","Battle Trance","Strange Spoon","BloodPotion","Energy Potion","Exhume","Ancient Potion","TheAbacus"],"campfire_rested":0,"item_purchase_floors":[2,2,2,2,20,48,48,48],"current_hp_per_floor":[45,45,51,51,51,29,29,19,19,29,58,37,46,53,53,30,88,87,90,90,81,86,86,53,58,58,58,58,58,58,66,66,90,124,139,139,139,139,139,139,107,107,107,125,125,135,140,140,140,143],"gold":102,"neow_bonus":"ONE_RARE_RELIC","is_prod":false,"is_daily":false,"chose_seed":false,"campfire_upgraded":9,"win_rate":0,"timestamp":1611202553,"path_taken":["M","$","M","?","?","E","R","E","T","M","M","E","M","M","R","BOSS","M","M","$","M","M","R","E","M","T","R","?","R","M","E","R","BOSS","M","?","M","M","?","R","E","R","T","E","?","M","E","$","R","BOSS"],"build_version":"2020-12-22","purchased_purges":2,"victory":true,"max_hp_per_floor":[75,75,78,78,78,84,84,88,88,92,96,96,99,107,107,107,107,111,115,115,115,119,119,119,127,127,127,127,127,127,135,135,135,135,139,139,139,139,139,139,143,143,143,143,136,140,140,140,140,144],"card_choices":[{"not_picked":["Shrug It Off","Anger"],"picked":"Inflame","floor":1.0},{"not_picked":["Thunderclap","Heavy Blade"],"picked":"Clothesline","floor":3.0},{"not_picked":["Havoc","Combust"],"picked":"Armaments","floor":6.0},{"not_picked":["Perfected Strike","Flex","Uppercut"],"picked":"SKIP","floor":8.0},{"not_picked":["Havoc","Battle Trance"],"picked":"Spot Weakness","floor":10.0},{"not_picked":["Twin Strike","Cleave","Flex"],"picked":"SKIP","floor":11.0},{"not_picked":["Combust","Whirlwind","Dark Embrace"],"picked":"SKIP","floor":12.0},{"not_picked":["Perfected Strike","Clash","Cleave"],"picked":"SKIP","floor":13.0},{"not_picked":["Bloodletting","Flex","Iron Wave"],"picked":"SKIP","floor":14.0},{"not_picked":["Juggernaut","Demon Form"],"picked":"Impervious","floor":16.0},{"not_picked":["Havoc","Bloodletting"],"picked":"Cleave+1","floor":18.0},{"not_picked":["Headbutt","Uppercut"],"picked":"Feel No Pain","floor":19.0},{"not_picked":["Wild Strike+1","Twin Strike"],"picked":"Sword Boomerang","floor":21.0},{"not_picked":["Dual Wield","Armaments","Clothesline"],"picked":"SKIP","floor":22.0},{"not_picked":["Headbutt","Battle Trance"],"picked":"Shrug It Off","floor":24.0},{"not_picked":["Entrench","Anger"],"picked":"Metallicize","floor":25.0},{"not_picked":["Spot Weakness","Cleave","Armaments"],"picked":"SKIP","floor":30.0},{"not_picked":["Ghostly Armor+1","Anger","Sword Boomerang"],"picked":"SKIP","floor":31.0},{"not_picked":["Barricade","Bludgeon"],"picked":"Limit Break","floor":33.0},{"not_picked":["Flex+1","Inflame+1","Clash+1"],"picked":"SKIP","floor":35.0},{"not_picked":["Inflame","Dual Wield+1"],"picked":"Heavy Blade+1","floor":37.0},{"not_picked":["Twin Strike","Inflame+1"],"picked":"Uppercut+1","floor":38},{"not_picked":["Sword Boomerang","Rampage"],"picked":"Disarm","floor":39},{"not_picked":["Thunderclap","Flex"],"picked":"Impervious","floor":41},{"not_picked":["True Grit","Carnage+1","Intimidate"],"picked":"SKIP","floor":44},{"not_picked":["Combust+1","Dual Wield","Perfected Strike"],"picked":"SKIP","floor":46},{"not_picked":["True Grit","Anger","Fire Breathing"],"picked":"SKIP","floor":47}],"player_experience":4699267,"relics_obtained":[{"floor":4.0,"key":"Art of War"},{"floor":5.0,"key":"Anchor"},{"floor":6.0,"key":"Bag of Marbles"},{"floor":8.0,"key":"Ornamental Fan"},{"floor":9.0,"key":"Nunchaku"},{"floor":12.0,"key":"Bottled Lightning"},{"floor":24.0,"key":"MealTicket"},{"floor":26.0,"key":"Pocketwatch"},{"floor":31.0,"key":"Toy Ornithopter"},{"floor":41,"key":"Whetstone"},{"floor":43,"key":"Bottled Tornado"},{"floor":44,"key":"Bag of Preparation"},{"floor":47,"key":"Darkstone Periapt"}],"event_choices":[{"damage_healed":0.0,"max_hp_gain":0.0,"max_hp_loss":0.0,"gold_gain":0.0,"event_name":"The Library","player_choice":"Read","floor":28.0,"gold_loss":0.0,"damage_taken":0.0,"cards_obtained":["Reaper"]},{"damage_healed":0.0,"max_hp_gain":0.0,"max_hp_loss":0.0,"gold_gain":50.0,"event_name":"Golden Shrine","player_choice":"Pray","floor":36.0,"gold_loss":0.0,"damage_taken":0.0},{"damage_healed":0,"gold_gain":0,"player_choice":"Max HP","damage_taken":0,"max_hp_gain":0,"max_hp_loss":7,"event_name":"Winding Halls","floor":45,"gold_loss":0}],"is_beta":false,"boss_relics":[{"not_picked":["Busted Crown","Calling Bell"],"picked":"Velvet Choker"},{"not_picked":["Runic Pyramid","SacredBark"],"picked":"Astrolabe"}],"items_purged_floors":[20,48],"is_endless":false,"potions_floor_spawned":[1,6,11,14,18,21,31,37,39,41],"ascension_level":15}