{"gold_per_floor":[219,231,250,250,250,250,268,302,327,327,327,347,381,396,396,474,474,492,66,84,134,153,178,178,198,198,113,113,145,158,158,158,230,230,242,1241,1257,736,748,775,775,793,793,793,806,103,118,131,131,131],"floor_reached":50,"playtime":1783,"items_purged":["Strike_R","Normality","Bite"],"score":971,"play_id":"e7f6add7-bcf3-4cbd-ba19-2dcc2690d4f0","local_time":"20210120120259","is_ascension_mode":true,"campfire_choices":[{"data":"Spot Weakness","floor":6.0,"key":"SMITH"},{"data":"Anger","floor":11.0,"key":"SMITH"},{"data":"Heavy Blade","floor":15.0,"key":"SMITH"},{"data":"Whirlwind","floor":24.0,"key":"SMITH"},{"data":"Double Tap","floor":32.0,"key":"SMITH"},{"data":"Inflame","floor":41.0,"key":"SMITH"},{"data":"Shockwave","floor":49.0,"key":"SMITH"}],"neow_cost":"NONE","seed_source_timestamp":530448097213999,"circlet_count":0,"master_deck":["AscendersBane","Defend_R","Defend_R+1","Defend_R","Defend_R","Bash+1","Spot Weakness+1","Iron Wave","Twin Strike","Anger+1","Heavy Blade+1","Sword Boomerang","Double Tap+1","Headbutt","Shrug It Off","Whirlwind+1","Inflame+1","Armaments+1","Bite","Bite","Bite","Bite","Corruption","Pommel Strike+1","Shockwave+1","Pummel","Bandage Up","Armaments+1"],"special_seed":0,"relics":["Burning Blood","Juzu Bracelet","Omamori","Art of War","Coffee Dripper","Lizard Tail","Strawberry","Kunai","Charon\u0027s Ashes","War Paint","Cursed Key","FossilizedHelix","Nunchaku","Pantograph"],"potions_floor_usage":[50,50],"damage_taken":[{"damage":7.0,"enemies":"Small Slimes","floor":1.0,"turns":4.0},{"damage":14.0,"enemies":"Jaw Worm","floor":2.0,"turns":4.0},{"damage":6.0,"enemies":"Cultist","floor":3.0,"turns":4.0},{"damage":5.0,"enemies":"2 Fungi Beasts","floor":7.0,"turns":3.0},{"damage":28.0,"enemies":"Lagavulin","floor":8.0,"turns":6.0},{"damage":12.0,"enemies":"Exordium Thugs","floor":12.0,"turns":4.0},{"damage":15.0,"enemies":"3 Sentries","floor":13.0,"turns":6.0},{"damage":7.0,"enemies":"Looter","floor":14.0,"turns":3.0},{"damage":15.0,"enemies":"Hexaghost","floor":16.0,"turns":7.0},{"damage":12.0,"enemies":"2 Thieves","floor":18.0,"turns":3.0},{"damage":2.0,"enemies":"3 Byrds","floor":20.0,"turns":4.0},{"damage":23.0,"enemies":"Centurion and Healer","floor":22.0,"turns":4.0},{"damage":36.0,"enemies":"Book of Stabbing","floor":23.0,"turns":4.0},{"damage":2.0,"enemies":"Cultist and Chosen","floor":25.0,"turns":4.0},{"damage":12.0,"enemies":"Gremlin Leader","floor":29.0,"turns":4.0},{"damage":12.0,"enemies":"Snecko","floor":30.0,"turns":4.0},{"damage":68.0,"enemies":"Collector","floor":33.0,"turns":8.0},{"damage":0.0,"enemies":"3 Darklings","floor":35.0,"turns":1.0},{"damage":12.0,"enemies":"Orb Walker","floor":37.0,"turns":3.0},{"damage":11.0,"enemies":"Sphere and 2 Shapes","floor":39.0,"turns":4.0},{"damage":51.0,"enemies":"Nemesis","floor":40.0,"turns":7.0},{"damage":11.0,"enemies":"Spire Growth","floor":42.0,"turns":4.0},{"damage":32.0,"enemies":"Writhing Mass","floor":45.0,"turns":6.0},{"damage":23.0,"enemies":"Sphere and 2 Shapes","floor":47.0,"turns":7.0},{"damage":0.0,"enemies":"Transient","floor":48.0,"turns":5.0},{"damage":74,"enemies":"Awakened One","floor":50,"turns":9}],"seed_played":"-5851417590402853142","potions_obtained":[{"floor":1.0,"key":"Swift Potion"},{"floor":3.0,"key":"Block Potion"},{"floor":12.0,"key":"Swift Potion"},{"floor":16.0,"key":"DuplicationPotion"},{"floor":22.0,"key":"Fire Potion"},{"floor":30.0,"key":"Explosive Potion"},{"floor":39.0,"key":"ColorlessPotion"},{"floor":45.0,"key":"ElixirPotion"},{"floor":47.0,"key":"EssenceOfSteel"}],"is_trial":false,"path_per_floor":["M","M","M","?","?","R","M","E","T","?","R","M","E","M","R","B",null,"M","$","M","?","M","E","R","M","T","?","?","E","M","?","R","B",null,"M","?","M","$","M","E","R","M","T","?","M","$","M","M","R","B"],"character_chosen":"IRONCLAD","items_purchased":["Headbutt","Lizard Tail","FossilizedHelix","DistilledChaos","Explosive Potion","Pantograph","Regen Potion","Fruit Juice","Pummel","Bandage Up"],"campfire_rested":0,"item_purchase_floors":[19,19,38,38,38,46,46,46,46,46],"current_hp_per_floor":[67,59,59,52,52,52,53,31,31,49,49,43,34,33,33,24,62,56,56,60,60,43,20,20,24,24,24,24,18,12,12,12,26,49,55,55,57,57,57,24,24,33,33,33,15,15,29,51,51,0],"gold":131,"neow_bonus":"HUNDRED_GOLD","is_prod":false,"is_daily":false,"chose_seed":false,"campfire_upgraded":7,"win_rate":0,"timestamp":1611172979,"path_taken":["M","M","M","?","?","R","M","E","T","?","R","M","E","M","R","BOSS","M","$","M","?","M","E","R","M","T","?","?","E","M","?","R","BOSS","M","?","M","$","M","E","R","M","T","?","M","$","M","M","R","BOSS"],"build_version":"2020-12-22","purchased_purges":3,"victory":false,"max_hp_per_floor":[75,75,75,75,75,75,75,75,75,75,75,75,75,75,75,75,75,75,75,75,75,75,82,82,82,82,82,82,82,82,57,57,57,57,57,57,57,57,57,57,57,57,57,54,54,54,54,54,54,59],"card_choices":[{"not_picked":["Rupture","Clash"],"picked":"Spot Weakness","floor":1.0},{"not_picked":["Feel No Pain","Warcry"],"picked":"Iron Wave","floor":2.0},{"not_picked":["Reckless Charge","Cleave"],"picked":"Twin Strike","floor":3.0},{"not_picked":["Body Slam","Dropkick","Reckless Charge"],"picked":"SKIP","floor":7.0},{"not_picked":["Whirlwind","Pommel Strike"],"picked":"Anger","floor":8.0},{"not_picked":["Wild Strike","Sword Boomerang"],"picked":"Heavy Blade","floor":12.0},{"not_picked":["Heavy Blade","Body Slam","Iron Wave"],"picked":"SKIP","floor":13.0},{"not_picked":["Cleave","Bludgeon"],"picked":"Sword Boomerang","floor":14.0},{"not_picked":["Exhume","Juggernaut"],"picked":"Double Tap","floor":16.0},{"not_picked":["Intimidate","Wild Strike+1","Dropkick"],"picked":"SKIP","floor":18.0},{"not_picked":["Warcry","Infernal Blade"],"picked":"Shrug It Off","floor":20.0},{"not_picked":["Reckless Charge+1","Anger","Flex"],"picked":"SKIP","floor":22.0},{"not_picked":["Havoc","Pommel Strike"],"picked":"Whirlwind","floor":23.0},{"not_picked":["Wild Strike","Thunderclap"],"picked":"Inflame","floor":25.0},{"not_picked":["Twin Strike","Flex"],"picked":"Armaments","floor":29.0},{"not_picked":["Evolve","Thunderclap","Wild Strike"],"picked":"SKIP","floor":30.0},{"not_picked":["Berserk","Fiend Fire"],"picked":"Corruption","floor":33.0},{"not_picked":["Cleave","Warcry","Perfected Strike+1"],"picked":"SKIP","floor":35.0},{"not_picked":["Dual Wield","Heavy Blade+1"],"picked":"Pommel Strike+1","floor":37.0},{"not_picked":["Clash+1","Dual Wield","Heavy Blade+1"],"picked":"SKIP","floor":39.0},{"not_picked":["Fire Breathing","Headbutt","Armaments"],"picked":"SKIP","floor":40.0},{"not_picked":["Cleave","Feed"],"picked":"Shockwave","floor":42.0},{"not_picked":["Entrench","Twin Strike","Dropkick"],"picked":"SKIP","floor":45.0},{"not_picked":["Twin Strike","True Grit"],"picked":"Armaments+1","floor":47.0},{"not_picked":["Rupture","Warcry","Rampage"],"picked":"SKIP","floor":48.0}],"player_experience":4697484,"relics_obtained":[{"floor":8.0,"key":"Juzu Bracelet"},{"floor":9.0,"key":"Omamori"},{"floor":13.0,"key":"Art of War"},{"floor":23.0,"key":"Strawberry"},{"floor":26.0,"key":"Kunai"},{"floor":29.0,"key":"War Paint"},{"floor":40.0,"key":"Nunchaku"}],"event_choices":[{"cards_removed":["Strike_R"],"damage_healed":0.0,"max_hp_gain":0.0,"max_hp_loss":0.0,"gold_gain":0.0,"event_name":"Golden Wing","player_choice":"Card Removal","floor":4.0,"gold_loss":0.0,"damage_taken":7.0},{"damage_healed":0.0,"max_hp_gain":0.0,"max_hp_loss":0.0,"gold_gain":0.0,"event_name":"Upgrade Shrine","player_choice":"Upgraded","floor":5.0,"gold_loss":0.0,"damage_taken":0.0,"cards_upgraded":["Bash"]},{"damage_healed":18.0,"max_hp_gain":0.0,"max_hp_loss":0.0,"gold_gain":0.0,"event_name":"Mushrooms","player_choice":"Healed and dodged fight","floor":10.0,"gold_loss":0.0,"damage_taken":0.0,"cards_obtained":["Parasite"]},{"damage_healed":0.0,"max_hp_gain":0.0,"max_hp_loss":0.0,"gold_gain":50.0,"event_name":"Golden Shrine","player_choice":"Pray","floor":21.0,"gold_loss":0.0,"damage_taken":0.0},{"damage_healed":0.0,"max_hp_gain":0.0,"max_hp_loss":0.0,"gold_gain":0.0,"event_name":"Addict","player_choice":"Obtained Relic","floor":27.0,"gold_loss":85.0,"damage_taken":0.0,"relics_obtained":["Charon\u0027s Ashes"]},{"damage_healed":0.0,"max_hp_gain":0.0,"max_hp_loss":0.0,"gold_gain":0.0,"event_name":"Ghosts","player_choice":"Ignored","floor":28.0,"gold_loss":0.0,"damage_taken":0.0},{"damage_healed":0.0,"max_hp_gain":0.0,"max_hp_loss":25.0,"gold_gain":0.0,"event_name":"Vampires","player_choice":"Became a vampire","floor":31.0,"gold_loss":0.0,"damage_taken":0.0,"cards_obtained":["Bite","Bite","Bite","Bite","Bite"]},{"damage_healed":0.0,"max_hp_gain":0.0,"max_hp_loss":0.0,"gold_gain":999.0,"event_name":"MindBloom","player_choice":"Gold","floor":36.0,"gold_loss":0.0,"damage_taken":0.0,"cards_obtained":["Normality","Normality"]},{"damage_healed":0.0,"max_hp_gain":0.0,"max_hp_loss":3.0,"gold_gain":0.0,"event_name":"Winding Halls","player_choice":"Max HP","floor":44.0,"gold_loss":0.0,"damage_taken":0.0}],"is_beta":false,"boss_relics":[{"not_picked":["SacredBark","Black Blood"],"picked":"Coffee Dripper"},{"not_picked":["Pandora\u0027s Box","Runic Pyramid"],"picked":"Cursed Key"}],"items_purged_floors":[19,38,46],"is_endless":false,"potions_floor_spawned":[1,3,12,16,22,30,39,45,47],"killed_by":"Awakened One","ascension_level":15}