{"gold_per_floor":[115,128,105,115,130,157,157,186,186,186,218,228,241,254,254,332,332,287,212,212,212,212,212,212,212,212,112,112,112,112,112,112,112,112,112,112,112,112,112,112,112,112,112,112,112,62,62,62,62,62],"floor_reached":51,"playtime":1747,"items_purged":["Strike_R","Strike_R"],"score":1342,"play_id":"fc24d64a-aa25-4efe-9e63-a3339cf87442","local_time":"20210202161023","is_ascension_mode":true,"campfire_choices":[{"data":"Bash","floor":7.0,"key":"SMITH"},{"data":"Twin Strike","floor":10.0,"key":"SMITH"},{"floor":15.0,"key":"REST"},{"data":"Inflame","floor":23.0,"key":"SMITH"},{"data":"Rage","floor":25.0,"key":"SMITH"},{"floor":32.0,"key":"REST"},{"data":"1","floor":41.0,"key":"LIFT"},{"data":"2","floor":45,"key":"LIFT"},{"data":"3","floor":49,"key":"LIFT"}],"neow_cost":"NONE","seed_source_timestamp":1668840095910400,"circlet_count":0,"master_deck":["AscendersBane","Defend_R","Defend_R","Defend_R","Defend_R","Bash+1","Infernal Blade","Headbutt","Twin Strike","Twin Strike+1","True Grit","Iron Wave+1","Pummel+1","Twin Strike+1","Demon Form","Metallicize","Iron Wave+1","Rage+1","Inflame+1","Offering","Whirlwind+1","Impervious","Thunderclap+1","True Grit+1","Shrug It Off"],"special_seed":0,"relics":["Burning Blood","Ornamental Fan","Bag of Marbles","Matryoshka","Molten Egg 2","Ectoplasm","Red Mask","HornCleat","Juzu Bracelet","Gremlin Horn","Enchiridion","Girya","Empty Cage","Ginger","Calipers","MealTicket","Art of War","Mummified Hand","CaptainsWheel"],"potions_floor_usage":[50,50],"damage_taken":[{"damage":6.0,"enemies":"Cultist","floor":1.0,"turns":4.0},{"damage":8.0,"enemies":"Jaw Worm","floor":2.0,"turns":4.0},{"damage":0.0,"enemies":"Small Slimes","floor":4.0,"turns":2.0},{"damage":12.0,"enemies":"Looter","floor":5.0,"turns":3.0},{"damage":35.0,"enemies":"Lagavulin","floor":6.0,"turns":6.0},{"damage":14.0,"enemies":"Gremlin Nob","floor":8.0,"turns":3.0},{"damage":35.0,"enemies":"Lagavulin","floor":11.0,"turns":7.0},{"damage":0.0,"enemies":"Large Slime","floor":12.0,"turns":4.0},{"damage":0.0,"enemies":"Exordium Wildlife","floor":13.0,"turns":2.0},{"damage":2.0,"enemies":"2 Fungi Beasts","floor":14.0,"turns":2.0},{"damage":46.0,"enemies":"The Guardian","floor":16.0,"turns":12.0},{"damage":18.0,"enemies":"2 Thieves","floor":18.0,"turns":3.0},{"damage":11.0,"enemies":"Masked Bandits","floor":20.0,"turns":5.0},{"damage":0.0,"enemies":"Chosen","floor":22.0,"turns":4.0},{"damage":16.0,"enemies":"Slavers","floor":24.0,"turns":4.0},{"damage":4.0,"enemies":"Shelled Parasite and Fungi","floor":29.0,"turns":3.0},{"damage":6.0,"enemies":"Book of Stabbing","floor":31.0,"turns":2.0},{"damage":39.0,"enemies":"Automaton","floor":33.0,"turns":11.0},{"damage":0.0,"enemies":"3 Darklings","floor":35.0,"turns":2.0},{"damage":13.0,"enemies":"2 Orb Walkers","floor":37.0,"turns":5.0},{"damage":0.0,"enemies":"Orb Walker","floor":39.0,"turns":4.0},{"damage":11.0,"enemies":"Nemesis","floor":40.0,"turns":5.0},{"damage":6.0,"enemies":"Transient","floor":42.0,"turns":5.0},{"damage":26,"enemies":"Reptomancer","floor":44,"turns":4},{"damage":10,"enemies":"Mind Bloom Boss Battle","floor":47,"turns":6},{"damage":0,"enemies":"Maw","floor":48,"turns":5},{"damage":37,"enemies":"Awakened One","floor":50,"turns":12}],"seed_played":"-2912198394219130697","potions_obtained":[{"floor":1.0,"key":"SteroidPotion"},{"floor":2.0,"key":"LiquidMemories"},{"floor":12.0,"key":"GamblersBrew"},{"floor":13.0,"key":"SpeedPotion"},{"floor":16.0,"key":"FearPotion"},{"floor":24.0,"key":"Regen Potion"},{"floor":31.0,"key":"GamblersBrew"},{"floor":35.0,"key":"HeartOfIron"},{"floor":48,"key":"HeartOfIron"}],"is_trial":false,"path_per_floor":["M","M","$","M","M","E","R","E","T","R","E","M","M","M","R","B",null,"M","$","?","?","M","R","E","R","T","$","?","M","?","E","R","B",null,"M","?","?","?","M","E","R","M","T","E","R","$","?","M","R","B",null],"character_chosen":"IRONCLAD","items_purchased":["Twin Strike","SteroidPotion"],"campfire_rested":2,"item_purchase_floors":[3,46],"current_hp_per_floor":[75,73,73,79,73,44,44,36,36,36,7,13,19,23,47,7,63,51,51,46,46,52,52,42,42,42,42,42,53,32,32,56,23,67,73,73,66,66,72,67,67,67,67,47,47,62,58,64,64,33],"gold":62,"neow_bonus":"TEN_PERCENT_HP_BONUS","is_prod":false,"is_daily":false,"chose_seed":false,"campfire_upgraded":4,"win_rate":0,"timestamp":1612311023,"path_taken":["M","M","$","M","M","E","R","E","T","R","E","?","M","M","R","BOSS","M","$","?","?","?","R","E","R","T","$","?","M","?","E","R","BOSS","M","?","?","?","M","E","R","M","T","E","R","$","?","M","R","BOSS"],"build_version":"2020-12-22","purchased_purges":2,"victory":true,"max_hp_per_floor":[82,82,82,82,82,82,82,82,82,82,82,82,82,82,82,82,82,82,82,82,82,82,82,82,82,82,82,82,82,82,82,82,82,82,82,82,82,78,78,78,78,78,78,78,78,78,78,78,78,78],"card_choices":[{"not_picked":["Intimidate","Dropkick"],"picked":"Infernal Blade","floor":1.0},{"not_picked":["Clash","Body Slam"],"picked":"Headbutt","floor":2.0},{"not_picked":["Pummel","Perfected Strike"],"picked":"Twin Strike","floor":4.0},{"not_picked":["Intimidate","Seeing Red","Dropkick"],"picked":"SKIP","floor":5.0},{"not_picked":["Exhume","Flex"],"picked":"True Grit","floor":6.0},{"not_picked":["Sword Boomerang","Clash","Heavy Blade"],"picked":"SKIP","floor":8.0},{"not_picked":["Body Slam+1","Headbutt+1","True Grit"],"picked":"SKIP","floor":11.0},{"not_picked":["Warcry","Bloodletting"],"picked":"Iron Wave+1","floor":12.0},{"not_picked":["Combust","Clash+1"],"picked":"Pummel+1","floor":13.0},{"not_picked":["Dual Wield","Perfected Strike+1"],"picked":"Twin Strike+1","floor":14.0},{"not_picked":["Double Tap","Fiend Fire+1"],"picked":"Demon Form","floor":16.0},{"not_picked":["Cleave+1","Twin Strike+1"],"picked":"Metallicize","floor":18.0},{"not_picked":["Sever Soul+1","Shrug It Off"],"picked":"Iron Wave+1","floor":20.0},{"not_picked":["Perfected Strike+1","Thunderclap+1"],"picked":"Inflame","floor":22.0},{"not_picked":["Clothesline+1","Flex"],"picked":"Offering","floor":24.0},{"not_picked":["True Grit","Body Slam+1","Rampage+1"],"picked":"SKIP","floor":29.0},{"not_picked":["Dropkick+1","Headbutt+1"],"picked":"Whirlwind+1","floor":31.0},{"not_picked":["Berserk","Offering"],"picked":"Impervious","floor":33.0},{"not_picked":["Inflame+1","Bloodletting+1"],"picked":"Thunderclap+1","floor":35.0},{"not_picked":["Flex","Anger+1","Dark Embrace"],"picked":"SKIP","floor":39.0},{"not_picked":["Perfected Strike+1","Thunderclap+1","Burning Pact"],"picked":"SKIP","floor":40.0},{"not_picked":["Armaments","Clash+1"],"picked":"True Grit+1","floor":42.0},{"not_picked":["Feed+1","Infernal Blade","Rupture+1"],"picked":"SKIP","floor":44},{"not_picked":["Intimidate","Sword Boomerang+1"],"picked":"Shrug It Off","floor":48}],"player_experience":4730044,"relics_obtained":[{"floor":6.0,"key":"Ornamental Fan"},{"floor":8.0,"key":"Bag of Marbles"},{"floor":9.0,"key":"Matryoshka"},{"floor":11.0,"key":"Molten Egg 2"},{"floor":20.0,"key":"Red Mask"},{"floor":24.0,"key":"HornCleat"},{"floor":26.0,"key":"Juzu Bracelet"},{"floor":26.0,"key":"Gremlin Horn"},{"floor":30.0,"key":"Enchiridion"},{"floor":31.0,"key":"Girya"},{"floor":37.0,"key":"Ginger"},{"floor":40.0,"key":"Calipers"},{"floor":43.0,"key":"MealTicket"},{"floor":43.0,"key":"Art of War"},{"floor":44,"key":"Mummified Hand"},{"floor":47,"key":"CaptainsWheel"}],"event_choices":[{"damage_healed":0.0,"max_hp_gain":0.0,"max_hp_loss":0.0,"gold_gain":0.0,"event_name":"Masked Bandits","player_choice":"Fought Bandits","floor":20.0,"gold_loss":0.0,"damage_taken":0.0},{"damage_healed":0.0,"max_hp_gain":0.0,"max_hp_loss":0.0,"gold_gain":0.0,"cards_transformed":["Strike_R"],"event_name":"Transmorgrifier","player_choice":"Transformed","floor":21.0,"gold_loss":0.0,"damage_taken":0.0,"cards_obtained":["Rage"]},{"damage_healed":0.0,"max_hp_gain":0.0,"max_hp_loss":0.0,"gold_gain":0.0,"event_name":"Vampires","player_choice":"Ignored","floor":28.0,"gold_loss":0.0,"damage_taken":0.0},{"damage_healed":0.0,"max_hp_gain":0.0,"max_hp_loss":0.0,"gold_gain":0.0,"event_name":"Cursed Tome","player_choice":"Obtained Book","floor":30.0,"gold_loss":0.0,"damage_taken":21.0},{"damage_healed":0.0,"max_hp_gain":0.0,"max_hp_loss":0.0,"gold_gain":222.0,"event_name":"Tomb of Lord Red Mask","player_choice":"Wore Mask","floor":36.0,"gold_loss":0.0,"damage_taken":0.0},{"damage_healed":0.0,"max_hp_gain":0.0,"max_hp_loss":0.0,"gold_gain":0.0,"event_name":"Mysterious Sphere","player_choice":"Fight","floor":37.0,"gold_loss":0.0,"damage_taken":0.0},{"damage_healed":0.0,"max_hp_gain":0.0,"max_hp_loss":4.0,"gold_gain":0.0,"event_name":"Winding Halls","player_choice":"Max HP","floor":38.0,"gold_loss":0.0,"damage_taken":0.0},{"damage_healed":0,"gold_gain":0,"player_choice":"Fight","damage_taken":0,"max_hp_gain":0,"max_hp_loss":0,"event_name":"MindBloom","floor":47,"gold_loss":0}],"is_beta":false,"boss_relics":[{"not_picked":["SlaversCollar","Busted Crown"],"picked":"Ectoplasm"},{"not_picked":["Velvet Choker","Snecko Eye"],"picked":"Empty Cage"}],"items_purged_floors":[19,27],"is_endless":false,"potions_floor_spawned":[1,2,5,12,13,16,24,31,35,39,48],"ascension_level":15}