{"gold_per_floor":[117,40,40,104,122,151,151,179,255,305,339,389,428,452,452,551,551,576,626,696,472,490,490,523,598,598,59,93,117,131,162,162,255,255,268,318,62,86,136,136,186,224,224,259,275,290,328,348,348,348],"floor_reached":51,"playtime":1950,"items_purged":["Strike_R","Strike_R","Strike_R"],"score":1475,"play_id":"ad0e66ce-5467-4f6d-88ea-eff324b6729f","local_time":"20210205113443","is_ascension_mode":true,"campfire_choices":[{"data":"Bash","floor":7.0,"key":"SMITH"},{"data":"Inflame","floor":15.0,"key":"SMITH"},{"data":"Heavy Blade","floor":23.0,"key":"SMITH"},{"data":"Metallicize","floor":32.0,"key":"SMITH"},{"data":"Disarm","floor":40,"key":"SMITH"},{"data":"Shrug It Off","floor":49,"key":"SMITH"}],"neow_cost":"NONE","seed_source_timestamp":1911305873090000,"circlet_count":0,"master_deck":["AscendersBane","Strike_R","Strike_R","Defend_R","Defend_R","Defend_R","Defend_R","Bash+1","Iron Wave","Inflame+1","Cleave","Pommel Strike","Heavy Blade+1","Whirlwind+1","Reaper","Inflame+1","Disarm+1","Metallicize+1","Sword Boomerang+1","Offering","Dark Shackles","Shrug It Off+1","Feel No Pain+1","Thinking Ahead","Shockwave+1","Exhume","Sword Boomerang+1"],"special_seed":0,"relics":["Burning Blood","NeowsBlessing","SsserpentHead","Bird Faced Urn","Centennial Puzzle","HornCleat","Golden Idol","Vajra","Pear","Philosopher\u0027s Stone","Bag of Marbles","Champion Belt","Paper Frog","HandDrill","Bronze Scales","InkBottle","Tiny Chest","Sozu","Shuriken","Sundial","Oddly Smooth Stone","Mummified Hand"],"potions_floor_usage":[50,50],"damage_taken":[{"damage":0.0,"enemies":"Small Slimes","floor":1.0,"turns":1.0},{"damage":0.0,"enemies":"Cultist","floor":4.0,"turns":1.0},{"damage":0.0,"enemies":"2 Louse","floor":5.0,"turns":1.0},{"damage":41.0,"enemies":"Lagavulin","floor":6.0,"turns":7.0},{"damage":19.0,"enemies":"Gremlin Nob","floor":8.0,"turns":4.0},{"damage":21.0,"enemies":"3 Sentries","floor":11.0,"turns":5.0},{"damage":25.0,"enemies":"Lagavulin","floor":13.0,"turns":6.0},{"damage":5.0,"enemies":"Large Slime","floor":14.0,"turns":4.0},{"damage":21.0,"enemies":"Slime Boss","floor":16.0,"turns":6.0},{"damage":2.0,"enemies":"3 Byrds","floor":18.0,"turns":3.0},{"damage":19.0,"enemies":"2 Thieves","floor":20.0,"turns":2.0},{"damage":9.0,"enemies":"Cultist and Chosen","floor":22.0,"turns":3.0},{"damage":0.0,"enemies":"Slavers","floor":24.0,"turns":1.0},{"damage":1.0,"enemies":"Centurion and Healer","floor":25.0,"turns":3.0},{"damage":2.0,"enemies":"Gremlin Leader","floor":28.0,"turns":4.0},{"damage":0.0,"enemies":"3 Cultists","floor":29.0,"turns":3.0},{"damage":5.0,"enemies":"Shelled Parasite and Fungi","floor":30.0,"turns":3.0},{"damage":23.0,"enemies":"Slavers","floor":31.0,"turns":3.0},{"damage":42.0,"enemies":"Champ","floor":33.0,"turns":7.0},{"damage":4,"enemies":"Orb Walker","floor":35,"turns":2},{"damage":6,"enemies":"3 Darklings","floor":38,"turns":2},{"damage":22,"enemies":"Reptomancer","floor":42,"turns":5},{"damage":34,"enemies":"Nemesis","floor":44,"turns":5},{"damage":0,"enemies":"Jaw Worm Horde","floor":45,"turns":2},{"damage":15,"enemies":"4 Shapes","floor":46,"turns":3},{"damage":8,"enemies":"Reptomancer","floor":47,"turns":4},{"damage":18,"enemies":"3 Darklings","floor":48,"turns":2},{"damage":36,"enemies":"Time Eater","floor":50,"turns":7}],"seed_played":"-8030424040000535306","potions_obtained":[{"floor":6.0,"key":"Swift Potion"},{"floor":8.0,"key":"BloodPotion"},{"floor":13.0,"key":"SkillPotion"},{"floor":14.0,"key":"SteroidPotion"},{"floor":16.0,"key":"Explosive Potion"},{"floor":20.0,"key":"PowerPotion"},{"floor":25.0,"key":"DistilledChaos"},{"floor":29.0,"key":"SkillPotion"}],"is_trial":false,"path_per_floor":["M","$","?","M","M","E","R","E","T","?","E","?","E","M","R","B",null,"M","?","M","$","M","R","E","M","T","$","E","M","M","E","R","B",null,"M","?","$","M","?","R","?","E","T","E","M","M","E","M","R","B",null],"character_chosen":"IRONCLAD","items_purchased":["Inflame","Bag of Marbles","Disarm","Metallicize","HandDrill","Bronze Scales","Dark Shackles","Shrug It Off"],"campfire_rested":0,"item_purchase_floors":[2,21,27,27,27,27,37,37],"current_hp_per_floor":[74,74,74,75,75,40,40,29,29,29,16,29,22,23,23,10,61,78,78,65,65,66,66,72,78,78,78,78,78,78,78,78,62,74,78,78,78,78,78,78,78,78,78,67,78,78,78,78,78,50],"gold":348,"neow_bonus":"THREE_ENEMY_KILL","is_prod":false,"is_daily":false,"chose_seed":false,"campfire_upgraded":6,"win_rate":0,"timestamp":1612553683,"path_taken":["M","$","?","?","M","E","R","E","T","?","E","?","E","M","R","BOSS","M","?","?","$","M","R","E","?","T","$","E","M","M","E","R","BOSS","M","?","$","M","?","R","?","E","T","E","M","M","E","M","R","BOSS"],"build_version":"2020-12-22","purchased_purges":3,"victory":true,"max_hp_per_floor":[75,75,75,75,75,75,75,75,75,68,68,68,78,78,78,78,78,78,78,78,78,78,78,78,78,78,78,78,78,78,78,78,78,78,78,78,78,78,78,78,78,78,78,78,78,78,78,78,78,78],"card_choices":[{"not_picked":["Clash","Thunderclap"],"picked":"Iron Wave","floor":1.0},{"not_picked":["Second Wind","Rage"],"picked":"Cleave","floor":4.0},{"not_picked":["Armaments","Flex"],"picked":"Pommel Strike","floor":5.0},{"not_picked":["Headbutt","Havoc"],"picked":"Heavy Blade","floor":6.0},{"not_picked":["Dual Wield","Bludgeon"],"picked":"Whirlwind","floor":8.0},{"not_picked":["Heavy Blade","Demon Form"],"picked":"Anger","floor":11.0},{"not_picked":["Rampage","Pommel Strike","Sword Boomerang"],"picked":"SKIP","floor":13.0},{"not_picked":["Perfected Strike","Body Slam","Cleave"],"picked":"SKIP","floor":14.0},{"not_picked":["Brutality","Impervious"],"picked":"Reaper","floor":16.0},{"not_picked":["Rage","Combust","Flex"],"picked":"SKIP","floor":18.0},{"not_picked":["Warcry","Pommel Strike"],"picked":"Inflame+1","floor":20.0},{"not_picked":["Fire Breathing","Flex+1","Heavy Blade"],"picked":"SKIP","floor":22.0},{"not_picked":["Havoc","Exhume","Flex"],"picked":"SKIP","floor":24.0},{"not_picked":["Infernal Blade","Iron Wave","Seeing Red"],"picked":"SKIP","floor":25.0},{"not_picked":["Cleave","Seeing Red","Rage"],"picked":"SKIP","floor":28.0},{"not_picked":["Second Wind","Headbutt"],"picked":"Sword Boomerang+1","floor":29.0},{"not_picked":["Combust","Headbutt+1","Cleave"],"picked":"SKIP","floor":30.0},{"not_picked":["Ghostly Armor","Pommel Strike","Flex"],"picked":"SKIP","floor":31.0},{"not_picked":["Feed","Juggernaut"],"picked":"Offering","floor":33.0},{"not_picked":["Combust","Sentinel","Metallicize"],"picked":"SKIP","floor":35},{"not_picked":["Shrug It Off","Warcry+1"],"picked":"Feel No Pain+1","floor":38},{"not_picked":["Good Instincts","Panacea"],"picked":"Thinking Ahead","floor":39},{"not_picked":["Clothesline+1","Hemokinesis"],"picked":"Shockwave+1","floor":42},{"not_picked":["Sword Boomerang","Fire Breathing","Wild Strike"],"picked":"SKIP","floor":44},{"not_picked":["Iron Wave","Entrench","Pommel Strike"],"picked":"SKIP","floor":45},{"not_picked":["Shrug It Off","Wild Strike"],"picked":"Exhume","floor":46},{"not_picked":["Bloodletting","Havoc","Cleave"],"picked":"SKIP","floor":47},{"not_picked":["Warcry","Cleave+1"],"picked":"Sword Boomerang+1","floor":48}],"player_experience":4738242,"relics_obtained":[{"floor":6.0,"key":"Bird Faced Urn"},{"floor":8.0,"key":"Centennial Puzzle"},{"floor":9.0,"key":"HornCleat"},{"floor":11.0,"key":"Vajra"},{"floor":13.0,"key":"Pear"},{"floor":24.0,"key":"Champion Belt"},{"floor":26.0,"key":"Paper Frog"},{"floor":28.0,"key":"InkBottle"},{"floor":31.0,"key":"Tiny Chest"},{"floor":42,"key":"Shuriken"},{"floor":43,"key":"Sundial"},{"floor":44,"key":"Oddly Smooth Stone"},{"floor":47,"key":"Mummified Hand"}],"event_choices":[{"damage_healed":0.0,"max_hp_gain":0.0,"max_hp_loss":0.0,"gold_gain":0.0,"event_name":"FaceTrader","player_choice":"Trade","floor":3.0,"gold_loss":0.0,"damage_taken":0.0,"relics_obtained":["SsserpentHead"]},{"damage_healed":0.0,"max_hp_gain":0.0,"max_hp_loss":7.0,"gold_gain":0.0,"event_name":"Golden Idol","player_choice":"Lose Max HP","floor":10.0,"gold_loss":0.0,"damage_taken":0.0,"relics_obtained":["Golden Idol"]},{"damage_healed":0.0,"max_hp_gain":0.0,"max_hp_loss":0.0,"gold_gain":0.0,"event_name":"Shining Light","player_choice":"Ignored","floor":12.0,"gold_loss":0.0,"damage_taken":0.0},{"damage_healed":0.0,"max_hp_gain":0.0,"max_hp_loss":0.0,"gold_gain":0.0,"event_name":"Upgrade Shrine","player_choice":"Upgraded","floor":19.0,"gold_loss":0.0,"damage_taken":0.0,"cards_upgraded":["Whirlwind"]},{"damage_healed":0,"gold_gain":0,"player_choice":"Ignored","damage_taken":0,"max_hp_gain":0,"max_hp_loss":0,"event_name":"Tomb of Lord Red Mask","floor":36,"gold_loss":0},{"damage_healed":0,"gold_gain":0,"player_choice":"Memory 1","damage_taken":0,"max_hp_gain":0,"max_hp_loss":0,"event_name":"SensoryStone","floor":39,"gold_loss":0},{"cards_removed":["Anger"],"damage_healed":0,"gold_gain":0,"player_choice":"Removed Attack","damage_taken":0,"max_hp_gain":0,"max_hp_loss":0,"event_name":"Falling","floor":41,"gold_loss":0}],"is_beta":false,"boss_relics":[{"not_picked":["Coffee Dripper","Black Star"],"picked":"Philosopher\u0027s Stone"},{"not_picked":["Pandora\u0027s Box","Mark of Pain"],"picked":"Sozu"}],"items_purged_floors":[21,27,37],"is_endless":false,"potions_floor_spawned":[6,8,13,14,16,20,22,25,29,31,38,45,47],"ascension_level":15}