{"gold_per_floor":[111,111,123,135,135,169,169,196,196,221,233,244,244,276,276,348,348,363,381,393,408,426,454,454,487,511,511,174,174,174,193,193,266,266,284,300,1299,1310,798,829,829,845,868,868,887,125,150,0,0,0],"floor_reached":51,"playtime":1989,"items_purged":["Strike_R","Normality","Normality","Strike_R"],"score":1391,"play_id":"7aa503be-09ba-458b-9e72-1449760baaf3","local_time":"20210221143039","is_ascension_mode":true,"campfire_choices":[{"data":"Sword Boomerang","floor":7.0,"key":"SMITH"},{"data":"Iron Wave","floor":13.0,"key":"SMITH"},{"data":"Disarm","floor":15.0,"key":"SMITH"},{"floor":24.0,"key":"REST"},{"floor":27.0,"key":"REST"},{"data":"Limit Break","floor":29.0,"key":"SMITH"},{"data":"Shockwave","floor":32.0,"key":"SMITH"},{"data":"Disarm","floor":44,"key":"SMITH"},{"data":"Apotheosis","floor":49,"key":"SMITH"}],"neow_cost":"NONE","seed_source_timestamp":885488540357700,"circlet_count":0,"master_deck":["AscendersBane","Strike_R","Strike_R","Strike_R","Defend_R","Defend_R","Defend_R","Defend_R","Bash+1","Pommel Strike","Iron Wave+1","Sword Boomerang+1","Anger","Shrug It Off","Disarm+1","Limit Break+1","Headbutt","Battle Trance","Offering","Shrug It Off","Uppercut","Heavy Blade+1","Spot Weakness","Evolve+1","Shockwave+1","Reaper","Disarm+1","Flame Barrier","Feel No Pain","Apotheosis+1","Pummel","Shrug It Off"],"special_seed":0,"relics":["Burning Blood","Nunchaku","Du-Vu Doll","Sundial","Ice Cream","Ginger","Dream Catcher","Prayer Wheel","Sozu","Gremlin Horn","Paper Frog","Anchor","Eternal Feather","Nilry\u0027s Codex","Snecko Eye","Incense Burner","Shuriken","Orichalcum","Pear","Sling","CaptainsWheel"],"potions_floor_usage":[],"damage_taken":[{"damage":14.0,"enemies":"Small Slimes","floor":1.0,"turns":5.0},{"damage":2.0,"enemies":"Jaw Worm","floor":3.0,"turns":3.0},{"damage":1.0,"enemies":"2 Louse","floor":4.0,"turns":3.0},{"damage":8.0,"enemies":"Gremlin Nob","floor":6.0,"turns":3.0},{"damage":25.0,"enemies":"3 Sentries","floor":8.0,"turns":8.0},{"damage":3.0,"enemies":"Gremlin Nob","floor":10.0,"turns":3.0},{"damage":0.0,"enemies":"Exordium Wildlife","floor":11.0,"turns":3.0},{"damage":0.0,"enemies":"Looter","floor":12.0,"turns":4.0},{"damage":25.0,"enemies":"Lagavulin","floor":14.0,"turns":6.0},{"damage":23.0,"enemies":"Hexaghost","floor":16.0,"turns":9.0},{"damage":9.0,"enemies":"Shell Parasite","floor":18.0,"turns":5.0},{"damage":7.0,"enemies":"Chosen","floor":19.0,"turns":4.0},{"damage":28.0,"enemies":"Shelled Parasite and Fungi","floor":20.0,"turns":4.0},{"damage":14.0,"enemies":"Sentry and Sphere","floor":21.0,"turns":5.0},{"damage":13.0,"enemies":"Cultist and Chosen","floor":22.0,"turns":5.0},{"damage":14.0,"enemies":"Gremlin Leader","floor":23.0,"turns":6.0},{"damage":13.0,"enemies":"Book of Stabbing","floor":25.0,"turns":3.0},{"damage":14.0,"enemies":"Snake Plant","floor":31.0,"turns":2.0},{"damage":30.0,"enemies":"Collector","floor":33.0,"turns":5.0},{"damage":14,"enemies":"3 Shapes","floor":35,"turns":5},{"damage":4,"enemies":"3 Darklings","floor":36,"turns":4},{"damage":10,"enemies":"Writhing Mass","floor":38,"turns":3},{"damage":28,"enemies":"Nemesis","floor":40,"turns":5},{"damage":42,"enemies":"Spire Growth","floor":42,"turns":4},{"damage":11,"enemies":"Transient","floor":45,"turns":5},{"damage":12,"enemies":"Reptomancer","floor":47,"turns":5},{"damage":33,"enemies":"Awakened One","floor":50,"turns":9}],"seed_played":"-3166058843967733901","potions_obtained":[{"floor":1.0,"key":"Swift Potion"},{"floor":10.0,"key":"FairyPotion"},{"floor":11.0,"key":"GamblersBrew"}],"is_trial":false,"path_per_floor":["M","?","M","M","?","E","R","E","T","E","M","M","R","E","R","B",null,"M","M","M","M","M","E","R","E","T","R","$","R","?","M","R","B",null,"M","M","?","M","$","E","?","M","T","R","M","$","E","$","R","B",null],"character_chosen":"IRONCLAD","items_purchased":["Eternal Feather","Flame Barrier","Incense Burner","Feel No Pain","Apotheosis","Pear","Pummel","Shrug It Off","Sling"],"campfire_rested":2,"item_purchase_floors":[28,39,39,39,46,46,46,46,46],"current_hp_per_floor":[60,60,64,69,58,56,56,37,37,40,46,52,52,33,33,16,60,57,56,34,26,19,11,33,26,26,48,48,63,42,34,49,25,63,75,75,75,74,74,52,52,68,68,75,72,82,76,76,85,58],"gold":0,"neow_bonus":"RANDOM_COMMON_RELIC","is_prod":false,"is_daily":false,"chose_seed":false,"campfire_upgraded":7,"win_rate":0,"timestamp":1613946639,"path_taken":["M","?","M","M","?","E","R","E","T","E","?","M","R","E","R","BOSS","M","M","M","M","M","E","R","E","T","R","$","R","?","M","R","BOSS","M","M","?","M","$","E","?","M","T","R","M","$","E","?","R","BOSS"],"build_version":"2020-12-22","purchased_purges":4,"victory":true,"max_hp_per_floor":[75,75,75,75,75,75,75,75,75,75,75,75,75,75,75,75,75,75,75,75,75,75,75,75,75,75,75,75,75,75,75,75,75,75,75,75,75,75,75,75,75,75,75,75,75,85,85,85,85,85],"card_choices":[{"not_picked":["Pummel","Flex"],"picked":"Pommel Strike","floor":1.0},{"not_picked":["Wild Strike","Twin Strike"],"picked":"Iron Wave","floor":3.0},{"not_picked":["Rupture","Wild Strike"],"picked":"Sword Boomerang","floor":4.0},{"not_picked":["Evolve","Body Slam","Intimidate"],"picked":"SKIP","floor":6.0},{"not_picked":["Warcry","Cleave"],"picked":"Anger","floor":8.0},{"not_picked":["Rage","Iron Wave"],"picked":"Shrug It Off","floor":10.0},{"not_picked":["Exhume","Dark Embrace","Searing Blow"],"picked":"SKIP","floor":11.0},{"not_picked":["Reckless Charge","Blood for Blood","Body Slam"],"picked":"SKIP","floor":12.0},{"not_picked":["Flame Barrier","Perfected Strike"],"picked":"Disarm","floor":14.0},{"not_picked":["Feed","Juggernaut"],"picked":"Limit Break","floor":16.0},{"not_picked":["Havoc","Iron Wave"],"picked":"Headbutt","floor":18.0},{"not_picked":["Wild Strike+1","Rampage","Disarm"],"picked":"SKIP","floor":18.0},{"not_picked":["Twin Strike","Anger"],"picked":"Battle Trance","floor":19.0},{"not_picked":["Clash","Perfected Strike+1"],"picked":"Offering","floor":19.0},{"not_picked":["Body Slam","Thunderclap","Sword Boomerang"],"picked":"SKIP","floor":20.0},{"not_picked":["Heavy Blade","Fire Breathing","Second Wind"],"picked":"SKIP","floor":20.0},{"not_picked":["Thunderclap","Pommel Strike"],"picked":"Shrug It Off","floor":21.0},{"not_picked":["Cleave","Dark Embrace"],"picked":"Uppercut","floor":21.0},{"not_picked":["Clash","Headbutt+1"],"picked":"Heavy Blade+1","floor":22.0},{"not_picked":["Bloodletting","Sword Boomerang","Twin Strike"],"picked":"SKIP","floor":22.0},{"not_picked":["Flame Barrier","Carnage"],"picked":"Spot Weakness","floor":23.0},{"not_picked":["Body Slam","Uppercut","Dropkick+1"],"picked":"SKIP","floor":25.0},{"not_picked":["Anger","Pommel Strike"],"picked":"Evolve+1","floor":27.0},{"not_picked":["Thunderclap","Shrug It Off"],"picked":"Shockwave","floor":31.0},{"not_picked":["True Grit","Rupture","Double Tap"],"picked":"SKIP","floor":31.0},{"not_picked":["Bludgeon","Barricade"],"picked":"Reaper","floor":33.0},{"not_picked":["Whirlwind","Headbutt"],"picked":"Disarm","floor":35},{"not_picked":["Iron Wave","Rupture","Twin Strike"],"picked":"SKIP","floor":35},{"not_picked":["Iron Wave","Clash+1","Cleave"],"picked":"SKIP","floor":36},{"not_picked":["Anger+1","Heavy Blade","Ghostly Armor"],"picked":"SKIP","floor":36},{"not_picked":["Dropkick","Cleave","Shrug It Off"],"picked":"SKIP","floor":38},{"not_picked":["Iron Wave","Anger","Sword Boomerang"],"picked":"SKIP","floor":38},{"not_picked":["Whirlwind","Blood for Blood","Double Tap"],"picked":"SKIP","floor":40},{"not_picked":["Feel No Pain+1","Perfected Strike","Pommel Strike"],"picked":"SKIP","floor":42},{"not_picked":["Anger","Whirlwind","Headbutt"],"picked":"SKIP","floor":42},{"not_picked":["Armaments","Cleave","Clash"],"picked":"SKIP","floor":45},{"not_picked":["Cleave","Evolve+1","Body Slam"],"picked":"SKIP","floor":45},{"not_picked":["Inflame","Second Wind","Body Slam"],"picked":"SKIP","floor":47}],"player_experience":4763919,"relics_obtained":[{"floor":6.0,"key":"Sundial"},{"floor":8.0,"key":"Ice Cream"},{"floor":9.0,"key":"Ginger"},{"floor":10.0,"key":"Dream Catcher"},{"floor":14.0,"key":"Prayer Wheel"},{"floor":23.0,"key":"Gremlin Horn"},{"floor":25.0,"key":"Paper Frog"},{"floor":26.0,"key":"Anchor"},{"floor":30.0,"key":"Nilry\u0027s Codex"},{"floor":40,"key":"Shuriken"},{"floor":43,"key":"Orichalcum"},{"floor":47,"key":"CaptainsWheel"}],"event_choices":[{"damage_healed":0.0,"max_hp_gain":0.0,"max_hp_loss":0.0,"gold_gain":0.0,"event_name":"Living Wall","player_choice":"Grow","floor":2.0,"gold_loss":0.0,"damage_taken":0.0,"cards_upgraded":["Bash"]},{"damage_healed":0.0,"max_hp_gain":0.0,"max_hp_loss":0.0,"gold_gain":0.0,"event_name":"Scrap Ooze","player_choice":"Success","floor":5.0,"gold_loss":0.0,"damage_taken":11.0,"relics_obtained":["Du-Vu Doll"]},{"damage_healed":0.0,"max_hp_gain":0.0,"max_hp_loss":0.0,"gold_gain":0.0,"event_name":"Cursed Tome","player_choice":"Obtained Book","floor":30.0,"gold_loss":0.0,"damage_taken":21.0},{"damage_healed":0,"gold_gain":999,"player_choice":"Gold","damage_taken":0,"max_hp_gain":0,"max_hp_loss":0,"event_name":"MindBloom","floor":37,"gold_loss":0,"cards_obtained":["Normality","Normality"]},{"damage_healed":0,"gold_gain":0,"player_choice":"Ignored","damage_taken":0,"max_hp_gain":0,"max_hp_loss":0,"event_name":"Tomb of Lord Red Mask","floor":41,"gold_loss":0}],"is_beta":false,"boss_relics":[{"not_picked":["Velvet Choker","Runic Dome"],"picked":"Sozu"},{"not_picked":["Tiny House","Runic Pyramid"],"picked":"Snecko Eye"}],"items_purged_floors":[28,39,46,48],"is_endless":false,"potions_floor_spawned":[1,10,11,12,20,21,31,33,36,38,40],"ascension_level":15}