{"gold_per_floor":[115,25,36,36,36,36,63,63,63,63,90,118,150,165,165,237,237,248,277,126,126,141,141,175,175,175,200,200,200,227,242,242,319,319,332,332,200,210,226,552,552,581,630,649,649,669,55,93,93,93],"floor_reached":51,"playtime":1932,"items_purged":["Strike_R","Bite","Bite"],"score":1681,"play_id":"5c03ade3-8d4d-4967-8d21-a37438b5bbd0","local_time":"20210226171550","is_ascension_mode":true,"campfire_choices":[{"data":"Spot Weakness","floor":6.0,"key":"SMITH"},{"data":"Thunderclap","floor":10.0,"key":"SMITH"},{"data":"Inflame","floor":15.0,"key":"SMITH"},{"floor":23.0,"key":"REST"},{"data":"Heavy Blade","floor":28.0,"key":"SMITH"},{"floor":32.0,"key":"REST"},{"data":"Demon Form","floor":41.0,"key":"SMITH"},{"data":"Shockwave","floor":45,"key":"SMITH"},{"data":"Double Tap","floor":49,"key":"SMITH"}],"neow_cost":"NONE","seed_source_timestamp":1327419219090600,"circlet_count":0,"master_deck":["AscendersBane","Defend_R","Defend_R","Defend_R","Bash","Thunderclap+1","Spot Weakness+1","Heavy Blade+1","Cleave","Inflame+1","Shrug It Off","Shrug It Off","Double Tap+1","Clothesline","Burning Pact+1","Headbutt+1","Bite","Bite","Bite","Demon Form+1","Impervious","Corruption","Shrug It Off","Armaments+1","Battle Trance+1","Barricade","Shockwave+1","Entrench","Ghostly Armor","Impervious","Impervious"],"special_seed":0,"relics":["Burning Blood","NeowsBlessing","Lizard Tail","Question Card","Nunchaku","Odd Mushroom","Ancient Tea Set","Snecko Eye","Red Mask","Smiling Mask","Mercury Hourglass","The Courier","Black Star","Vajra","Old Coin","Prayer Wheel","Bottled Lightning","CeramicFish","Letter Opener","Pear","DollysMirror","Happy Flower","Red Skull"],"potions_floor_usage":[50,50],"damage_taken":[{"damage":0.0,"enemies":"Jaw Worm","floor":1.0,"turns":1.0},{"damage":0.0,"enemies":"Small Slimes","floor":3.0,"turns":1.0},{"damage":0.0,"enemies":"3 Sentries","floor":7.0,"turns":2.0},{"damage":24.0,"enemies":"Lagavulin","floor":11.0,"turns":4.0},{"damage":20.0,"enemies":"The Mushroom Lair","floor":12.0,"turns":4.0},{"damage":16.0,"enemies":"Gremlin Nob","floor":13.0,"turns":3.0},{"damage":0.0,"enemies":"2 Louse","floor":14.0,"turns":3.0},{"damage":0.0,"enemies":"Slime Boss","floor":16.0,"turns":5.0},{"damage":5.0,"enemies":"3 Byrds","floor":18.0,"turns":5.0},{"damage":34.0,"enemies":"Masked Bandits","floor":19.0,"turns":5.0},{"damage":16.0,"enemies":"Shell Parasite","floor":22.0,"turns":3.0},{"damage":13.0,"enemies":"Book of Stabbing","floor":24.0,"turns":4.0},{"damage":10.0,"enemies":"Slavers","floor":27.0,"turns":5.0},{"damage":22.0,"enemies":"Book of Stabbing","floor":30.0,"turns":4.0},{"damage":23.0,"enemies":"Cultist and Chosen","floor":31.0,"turns":5.0},{"damage":29.0,"enemies":"Automaton","floor":33.0,"turns":6.0},{"damage":14.0,"enemies":"3 Darklings","floor":35.0,"turns":4.0},{"damage":16.0,"enemies":"3 Shapes","floor":38.0,"turns":3.0},{"damage":2.0,"enemies":"Sphere and 2 Shapes","floor":39.0,"turns":5.0},{"damage":18.0,"enemies":"Giant Head","floor":40.0,"turns":5.0},{"damage":44.0,"enemies":"Reptomancer","floor":42.0,"turns":5.0},{"damage":4,"enemies":"Spire Growth","floor":44,"turns":4},{"damage":0,"enemies":"3 Darklings","floor":46,"turns":4},{"damage":0,"enemies":"Giant Head","floor":48,"turns":5},{"damage":0,"enemies":"Donu and Deca","floor":50,"turns":5}],"seed_played":"-7197063113971738043","potions_obtained":[{"floor":3.0,"key":"DistilledChaos"},{"floor":13.0,"key":"Swift Potion"},{"floor":16.0,"key":"DuplicationPotion"},{"floor":22.0,"key":"GamblersBrew"},{"floor":24.0,"key":"ColorlessPotion"},{"floor":27.0,"key":"EssenceOfSteel"},{"floor":30.0,"key":"DuplicationPotion"},{"floor":33.0,"key":"Swift Potion"},{"floor":38.0,"key":"BlessingOfTheForge"},{"floor":40.0,"key":"LiquidBronze"},{"floor":46,"key":"Dexterity Potion"}],"is_trial":false,"path_per_floor":["M","$","M","?","?","R","E","$","T","R","E","?","E","M","R","B",null,"M","?","$","?","M","R","E","?","T","E","R","?","E","M","R","B",null,"M","?","$","M","M","E","R","E","T","M","R","M","$","E","R","B",null],"character_chosen":"IRONCLAD","items_purchased":["Spot Weakness","Fire Potion","Regen Potion","Shrug It Off","PowerPotion","Letter Opener","Ghostly Armor","Pear","DollysMirror"],"campfire_rested":2,"item_purchase_floors":[2,2,20,37,37,47,47,47,47],"current_hp_per_floor":[74,74,75,75,68,68,74,74,74,74,56,42,32,38,38,44,67,68,40,40,19,18,42,35,51,51,47,47,47,33,18,42,31,68,66,66,66,58,66,70,70,50,50,57,57,74,84,90,90,90],"gold":93,"neow_bonus":"THREE_ENEMY_KILL","is_prod":false,"is_daily":false,"chose_seed":false,"campfire_upgraded":7,"win_rate":0,"timestamp":1614388550,"path_taken":["M","$","M","?","?","R","E","?","T","R","E","?","E","M","R","BOSS","M","?","$","?","M","R","E","?","T","E","R","?","E","M","R","BOSS","M","?","$","?","M","E","R","E","T","M","R","M","?","E","R","BOSS"],"build_version":"2020-12-22","purchased_purges":3,"victory":true,"max_hp_per_floor":[75,75,75,75,75,75,75,75,75,75,75,75,75,75,75,75,75,75,75,75,80,80,80,80,80,80,80,80,80,80,80,80,80,80,80,80,80,80,80,80,80,80,80,80,80,80,90,90,90,90],"card_choices":[{"not_picked":["Perfected Strike","Pummel"],"picked":"Thunderclap","floor":1.0},{"not_picked":["Barricade","Perfected Strike"],"picked":"Heavy Blade","floor":3.0},{"not_picked":["Wild Strike","Feel No Pain"],"picked":"Cleave","floor":7.0},{"not_picked":["Heavy Blade","Perfected Strike","Evolve"],"picked":"Inflame","floor":11.0},{"not_picked":["Hemokinesis","Flex","Twin Strike"],"picked":"Shrug It Off","floor":13.0},{"not_picked":["Warcry","Juggernaut","Cleave"],"picked":"Shrug It Off","floor":14.0},{"not_picked":["Barricade","Bludgeon","Brutality"],"picked":"Double Tap","floor":16.0},{"not_picked":["Clash","Warcry","Anger","Entrench"],"picked":"SKIP","floor":18.0},{"not_picked":["Hemokinesis","Metallicize","Burning Pact"],"picked":"Clothesline","floor":19.0},{"not_picked":["Burning Pact","Clothesline","Cleave","Body Slam"],"picked":"SKIP","floor":22.0},{"not_picked":["Sever Soul","Hemokinesis","Headbutt"],"picked":"Burning Pact+1","floor":24.0},{"not_picked":["Feel No Pain","Whirlwind+1","Wild Strike"],"picked":"Headbutt+1","floor":27.0},{"not_picked":["Intimidate","Spot Weakness","Iron Wave"],"picked":"Demon Form","floor":30.0},{"not_picked":["Uppercut","Cleave","Pommel Strike","Iron Wave"],"picked":"SKIP","floor":31.0},{"not_picked":["Double Tap","Feed","Limit Break"],"picked":"Impervious","floor":33.0},{"not_picked":["Ghostly Armor","Havoc+1","Hemokinesis","Twin Strike"],"picked":"SKIP","floor":35.0},{"not_picked":["True Grit","Anger","Sword Boomerang"],"picked":"Armaments+1","floor":38.0},{"not_picked":["Thunderclap","Headbutt+1","Uppercut"],"picked":"Battle Trance+1","floor":39.0},{"not_picked":["Clash","Pommel Strike","Sword Boomerang"],"picked":"Barricade","floor":40.0},{"not_picked":["Clothesline","Searing Blow","Inflame"],"picked":"Shockwave","floor":42},{"not_picked":["Warcry","Body Slam","Sword Boomerang"],"picked":"Entrench","floor":44},{"not_picked":["Spot Weakness","Iron Wave","Heavy Blade","Warcry"],"picked":"SKIP","floor":44},{"not_picked":["Twin Strike","Combust","Rage","Blood for Blood"],"picked":"SKIP","floor":46},{"not_picked":["Fire Breathing+1","Pommel Strike","Clothesline","True Grit"],"picked":"SKIP","floor":46},{"not_picked":["Whirlwind","Dropkick+1","Perfected Strike"],"picked":"Impervious","floor":48}],"player_experience":4770077,"relics_obtained":[{"floor":7.0,"key":"Lizard Tail"},{"floor":9.0,"key":"Question Card"},{"floor":11.0,"key":"Nunchaku"},{"floor":12.0,"key":"Odd Mushroom"},{"floor":13.0,"key":"Ancient Tea Set"},{"floor":19.0,"key":"Red Mask"},{"floor":24.0,"key":"Smiling Mask"},{"floor":26.0,"key":"Mercury Hourglass"},{"floor":27.0,"key":"Blood Vial"},{"floor":30.0,"key":"The Courier"},{"floor":40.0,"key":"Vajra"},{"floor":40.0,"key":"Old Coin"},{"floor":42,"key":"Prayer Wheel"},{"floor":42,"key":"Bottled Lightning"},{"floor":43,"key":"CeramicFish"},{"floor":48,"key":"Happy Flower"},{"floor":48,"key":"Red Skull"}],"event_choices":[{"damage_healed":0.0,"max_hp_gain":0.0,"max_hp_loss":0.0,"gold_gain":0.0,"event_name":"The Cleric","player_choice":"Leave","floor":4.0,"gold_loss":0.0,"damage_taken":0.0},{"cards_removed":["Strike_R"],"damage_healed":0.0,"max_hp_gain":0.0,"max_hp_loss":0.0,"gold_gain":0.0,"event_name":"Golden Wing","player_choice":"Card Removal","floor":5.0,"gold_loss":0.0,"damage_taken":7.0},{"damage_healed":0.0,"max_hp_gain":0.0,"max_hp_loss":0.0,"gold_gain":0.0,"event_name":"Mushrooms","player_choice":"Fought Mushrooms","floor":12.0,"gold_loss":0.0,"damage_taken":0.0},{"damage_healed":0.0,"max_hp_gain":0.0,"max_hp_loss":0.0,"gold_gain":0.0,"event_name":"Masked Bandits","player_choice":"Fought Bandits","floor":19.0,"gold_loss":0.0,"damage_taken":0.0},{"damage_healed":0.0,"max_hp_gain":5.0,"max_hp_loss":0.0,"gold_gain":0.0,"event_name":"Forgotten Altar","player_choice":"Shed Blood","floor":21.0,"gold_loss":0.0,"damage_taken":26.0},{"damage_healed":16.0,"max_hp_gain":0.0,"max_hp_loss":0.0,"gold_gain":0.0,"event_name":"The Library","player_choice":"Heal","floor":25.0,"gold_loss":0.0,"damage_taken":0.0},{"damage_healed":0.0,"max_hp_gain":0.0,"max_hp_loss":0.0,"gold_gain":0.0,"event_name":"Vampires","player_choice":"Became a vampire (Vial)","floor":29.0,"relics_lost":["Blood Vial"],"gold_loss":0.0,"damage_taken":0.0,"cards_obtained":["Bite","Bite","Bite","Bite","Bite"]},{"damage_healed":0.0,"max_hp_gain":0.0,"max_hp_loss":0.0,"gold_gain":0.0,"cards_transformed":["Defend_R"],"event_name":"Transmorgrifier","player_choice":"Transformed","floor":36.0,"gold_loss":0.0,"damage_taken":0.0,"cards_obtained":["Corruption"]}],"is_beta":false,"boss_relics":[{"not_picked":["Philosopher\u0027s Stone","SacredBark"],"picked":"Snecko Eye"},{"not_picked":["Tiny House","Black Blood"],"picked":"Black Star"}],"items_purged_floors":[20,37,47],"is_endless":false,"potions_floor_spawned":[3,7,13,16,22,24,27,30,33,38,40,44,46],"ascension_level":15}