{"gold_per_floor":[119,21,34,49,64,64,95,95,95,120,120,132,159,49,49,121,121,139,139,39,54,104,104,132,132,132,7,39,39,364,464,464,464],"floor_reached":33,"playtime":1227,"items_purged":["Strike_R","Strike_R","Strike_R"],"score":602,"play_id":"1170d9b6-a5a8-4282-a060-22e1f1df7889","local_time":"20210402132303","is_ascension_mode":true,"campfire_choices":[{"data":"Bash","floor":6.0,"key":"SMITH"},{"data":"Metallicize","floor":8.0,"key":"SMITH"},{"data":"Disarm","floor":15.0,"key":"SMITH"},{"data":"Anger","floor":23.0,"key":"SMITH"},{"data":"Shockwave","floor":25.0,"key":"SMITH"},{"data":"Flame Barrier","floor":29.0,"key":"SMITH"},{"data":"Shrug It Off","floor":32.0,"key":"SMITH"}],"neow_cost":"NONE","seed_source_timestamp":828295248717600,"circlet_count":0,"master_deck":["AscendersBane","Strike_R","Strike_R","Defend_R","Defend_R","Defend_R","Defend_R","Bash+1","Clothesline","Anger+1","Flame Barrier+1","Metallicize+1","Shockwave+1","Iron Wave","Limit Break","Disarm+1","Exhume","Heavy Blade+1","Juggernaut+1","Shrug It Off+1"],"special_seed":0,"relics":["Burning Blood","Juzu Bracelet","HornCleat","Mercury Hourglass","Bottled Flame","Turnip","Anchor","Black Star","Darkstone Periapt","Frozen Egg 2","Kunai","Oddly Smooth Stone","Bag of Marbles","Blood Vial","Old Coin","WingedGreaves","Letter Opener"],"potions_floor_usage":[33],"damage_taken":[{"damage":11.0,"enemies":"Jaw Worm","floor":1.0,"turns":5.0},{"damage":0.0,"enemies":"Cultist","floor":3.0,"turns":3.0},{"damage":0.0,"enemies":"Small Slimes","floor":4.0,"turns":3.0},{"damage":3.0,"enemies":"Exordium Thugs","floor":5.0,"turns":4.0},{"damage":20.0,"enemies":"Lagavulin","floor":7.0,"turns":7.0},{"damage":0.0,"enemies":"Gremlin Nob","floor":10.0,"turns":3.0},{"damage":8.0,"enemies":"3 Louse","floor":12.0,"turns":3.0},{"damage":12.0,"enemies":"Lagavulin","floor":13.0,"turns":7.0},{"damage":5.0,"enemies":"The Guardian","floor":16.0,"turns":15.0},{"damage":0.0,"enemies":"3 Byrds","floor":18.0,"turns":4.0},{"damage":6.0,"enemies":"Chosen","floor":21.0,"turns":8.0},{"damage":12.0,"enemies":"Gremlin Leader","floor":24.0,"turns":8.0},{"damage":9.0,"enemies":"Book of Stabbing","floor":28.0,"turns":8.0},{"damage":16.0,"enemies":"Slavers","floor":30.0,"turns":7.0},{"damage":8.0,"enemies":"Colosseum Slavers","floor":31.0,"turns":6.0},{"damage":14.0,"enemies":"Colosseum Nobs","floor":31.0,"turns":6.0},{"damage":71,"enemies":"Automaton","floor":33,"turns":6}],"seed_played":"8437227465936492012","potions_obtained":[{"floor":3.0,"key":"Energy Potion"},{"floor":12.0,"key":"Strength Potion"},{"floor":13.0,"key":"BloodPotion"},{"floor":28.0,"key":"Block Potion"},{"floor":30.0,"key":"Block Potion"}],"is_trial":false,"path_per_floor":["M","?","M","M","M","R","E","R","T","E","?","M","E","$","R","B",null,"M","?","$","M","?","R","E","R","T","$","E","R","E","?","R","B"],"character_chosen":"IRONCLAD","items_purchased":["Disarm"],"campfire_rested":0,"item_purchase_floors":[14],"current_hp_per_floor":[63,63,69,75,75,75,61,61,61,67,75,73,67,67,67,68,73,75,75,75,75,75,75,69,69,69,69,66,66,56,65,65,0],"gold":464,"neow_bonus":"RANDOM_COMMON_RELIC","is_prod":false,"is_daily":false,"chose_seed":false,"campfire_upgraded":7,"win_rate":0,"timestamp":1617394983,"path_taken":["M","?","M","M","M","R","E","R","T","E","?","M","E","?","R","BOSS","M","?","$","M","?","R","E","R","T","?","E","R","E","?","R","BOSS"],"build_version":"2020-12-22","purchased_purges":3,"victory":false,"max_hp_per_floor":[75,75,75,75,75,75,75,75,75,75,75,75,75,75,75,75,75,75,75,75,75,75,75,75,75,75,75,75,75,75,75,75,75],"card_choices":[{"not_picked":["Cleave","Havoc"],"picked":"Clothesline","floor":1.0},{"not_picked":["Metallicize","Rupture"],"picked":"Anger","floor":3.0},{"not_picked":["Wild Strike","Clothesline"],"picked":"Flame Barrier","floor":4.0},{"not_picked":["Armaments","Havoc","Dropkick"],"picked":"SKIP","floor":5.0},{"not_picked":["Pommel Strike","Pummel"],"picked":"Metallicize","floor":7.0},{"not_picked":["Sword Boomerang","Heavy Blade"],"picked":"Shockwave","floor":10.0},{"not_picked":["Barricade","Twin Strike"],"picked":"Iron Wave","floor":12.0},{"not_picked":["Bloodletting","Shockwave"],"picked":"Limit Break","floor":13.0},{"not_picked":["Bludgeon","Fiend Fire"],"picked":"Exhume","floor":16.0},{"not_picked":["Clash","Pommel Strike","Shockwave"],"picked":"SKIP","floor":18.0},{"not_picked":["Iron Wave","Wild Strike","Blood for Blood"],"picked":"SKIP","floor":21.0},{"not_picked":["Power Through","Iron Wave"],"picked":"Heavy Blade+1","floor":24.0},{"not_picked":["Iron Wave","Blood for Blood"],"picked":"Juggernaut+1","floor":28.0},{"not_picked":["Whirlwind","Reckless Charge","Thunderclap+1"],"picked":"SKIP","floor":30.0},{"not_picked":["Heavy Blade","Body Slam"],"picked":"Shrug It Off","floor":31.0}],"player_experience":4785098,"relics_obtained":[{"floor":7.0,"key":"Mercury Hourglass"},{"floor":9.0,"key":"Bottled Flame"},{"floor":10.0,"key":"Turnip"},{"floor":13.0,"key":"Anchor"},{"floor":24.0,"key":"Darkstone Periapt"},{"floor":24.0,"key":"Frozen Egg 2"},{"floor":26.0,"key":"Kunai"},{"floor":28.0,"key":"Oddly Smooth Stone"},{"floor":28.0,"key":"Bag of Marbles"},{"floor":30.0,"key":"Blood Vial"},{"floor":30.0,"key":"Old Coin"},{"floor":31.0,"key":"WingedGreaves"},{"floor":31.0,"key":"Letter Opener"}],"event_choices":[{"damage_healed":0.0,"max_hp_gain":0.0,"max_hp_loss":0.0,"gold_gain":0.0,"event_name":"WeMeetAgain","player_choice":"Paid Gold","floor":2.0,"gold_loss":98.0,"damage_taken":0.0,"relics_obtained":["HornCleat"]},{"damage_healed":8.0,"max_hp_gain":0.0,"max_hp_loss":0.0,"gold_gain":0.0,"event_name":"Wheel of Change","player_choice":"Full Heal","floor":11.0,"gold_loss":0.0,"damage_taken":0.0},{"damage_healed":0.0,"max_hp_gain":0.0,"max_hp_loss":0.0,"gold_gain":50.0,"event_name":"Nest","player_choice":"Stole From Cult","floor":22.0,"gold_loss":0.0,"damage_taken":0.0},{"damage_healed":0.0,"max_hp_gain":0.0,"max_hp_loss":0.0,"gold_gain":0.0,"event_name":"Colosseum","player_choice":"Fight","floor":31.0,"gold_loss":0.0,"damage_taken":0.0},{"damage_healed":0.0,"max_hp_gain":0.0,"max_hp_loss":0.0,"gold_gain":0.0,"event_name":"Colosseum","player_choice":"Fought Nobs","floor":31.0,"gold_loss":0.0,"damage_taken":0.0}],"is_beta":false,"boss_relics":[{"not_picked":["SacredBark","Fusion Hammer"],"picked":"Black Star"}],"items_purged_floors":[14,20,27],"is_endless":false,"potions_floor_spawned":[3,12,13,18,28,30,31],"killed_by":"Automaton","ascension_level":15}