{"gold_per_floor":[215,215,59,70,87,114,114,39,87,115,115,127,160,176,176,247,247,264,288,213,231,133,161,161,190,190,190,206,222,222,242,242,315,315,325,124,124,138,191,191,225,225,225,259,269,16,41,69,69,69],"floor_reached":51,"playtime":2332,"items_purged":["Strike_R","Strike_R","Strike_R"],"score":1397,"play_id":"9765461e-a979-4d7e-b6bf-a84f68d8cdb9","local_time":"20210406102520","is_ascension_mode":true,"campfire_choices":[{"data":"Bash","floor":7.0,"key":"SMITH"},{"data":"Disarm","floor":15.0,"key":"SMITH"},{"data":"Inflame","floor":24.0,"key":"SMITH"},{"data":"Uppercut","floor":27.0,"key":"SMITH"},{"data":"Whirlwind","floor":30.0,"key":"SMITH"},{"data":"Spot Weakness","floor":32.0,"key":"SMITH"},{"data":"Limit Break","floor":40.0,"key":"SMITH"},{"data":"Heavy Blade","floor":42.0,"key":"SMITH"},{"data":"Metallicize","floor":49,"key":"SMITH"}],"neow_cost":"NONE","seed_source_timestamp":2933802907800,"circlet_count":0,"master_deck":["AscendersBane","Strike_R","Defend_R","Defend_R","Defend_R","Defend_R","Bash+1","Iron Wave","Inflame+1","Disarm+1","Spot Weakness+1","Anger","Feed","Iron Wave","Pommel Strike","Whirlwind+1","Metallicize+1","Reaper","Headbutt+1","Uppercut+1","Limit Break+1","Heavy Blade+1","Shrug It Off","Power Through"],"special_seed":0,"relics":["Burning Blood","Regal Pillow","Gambling Chip","PreservedInsect","Potion Belt","FaceOfCleric","Smiling Mask","Coffee Dripper","Toy Ornithopter","Nunchaku","Calipers","Bottled Flame","Black Star","HandDrill","Akabeko","Ornamental Fan","Orichalcum","Dead Branch","Dream Catcher","Prayer Wheel","Medical Kit","Shovel","HornCleat","Red Skull"],"potions_floor_usage":[50,50,50,50],"damage_taken":[{"damage":2.0,"enemies":"Small Slimes","floor":1.0,"turns":4.0},{"damage":1.0,"enemies":"Cultist","floor":4.0,"turns":3.0},{"damage":6.0,"enemies":"Jaw Worm","floor":5.0,"turns":4.0},{"damage":41.0,"enemies":"Gremlin Nob","floor":6.0,"turns":5.0},{"damage":20.0,"enemies":"3 Sentries","floor":10.0,"turns":6.0},{"damage":2.0,"enemies":"Red Slaver","floor":12.0,"turns":3.0},{"damage":7.0,"enemies":"Gremlin Nob","floor":13.0,"turns":3.0},{"damage":2.0,"enemies":"2 Fungi Beasts","floor":14.0,"turns":4.0},{"damage":9.0,"enemies":"Hexaghost","floor":16.0,"turns":10.0},{"damage":3.0,"enemies":"Spheric Guardian","floor":18.0,"turns":3.0},{"damage":1.0,"enemies":"Shell Parasite","floor":21.0,"turns":5.0},{"damage":31.0,"enemies":"Gremlin Leader","floor":23.0,"turns":10.0},{"damage":24.0,"enemies":"Book of Stabbing","floor":25.0,"turns":5.0},{"damage":10.0,"enemies":"Snake Plant","floor":28.0,"turns":5.0},{"damage":8.0,"enemies":"Cultist and Chosen","floor":29.0,"turns":5.0},{"damage":6.0,"enemies":"Centurion and Healer","floor":31.0,"turns":5.0},{"damage":74.0,"enemies":"Collector","floor":33.0,"turns":8.0},{"damage":39.0,"enemies":"3 Shapes","floor":35.0,"turns":7.0},{"damage":11.0,"enemies":"Orb Walker","floor":38.0,"turns":3.0},{"damage":29.0,"enemies":"Nemesis","floor":41.0,"turns":5.0},{"damage":37.0,"enemies":"Reptomancer","floor":44.0,"turns":6.0},{"damage":0,"enemies":"3 Darklings","floor":45,"turns":1},{"damage":0,"enemies":"Mind Bloom Boss Battle","floor":47,"turns":5},{"damage":36,"enemies":"Nemesis","floor":48,"turns":9},{"damage":14,"enemies":"Donu and Deca","floor":50,"turns":4}],"seed_played":"-4937640491142628694","potions_obtained":[{"floor":1.0,"key":"Ancient Potion"},{"floor":14.0,"key":"Block Potion"},{"floor":16.0,"key":"DistilledChaos"},{"floor":18.0,"key":"DuplicationPotion"},{"floor":28.0,"key":"Fire Potion"},{"floor":33.0,"key":"EssenceOfSteel"},{"floor":35.0,"key":"DuplicationPotion"},{"floor":41.0,"key":"SteroidPotion"},{"floor":44.0,"key":"LiquidBronze"}],"is_trial":false,"path_per_floor":["M","?","$","M","M","E","R","$","T","E","?","M","E","M","R","B",null,"M","T","?","M","$","E","R","E","T","R","M","M","R","M","R","B",null,"M","$","?","M","T","R","E","R","T","E","M","$","?","E","R","B",null],"character_chosen":"IRONCLAD","items_purchased":["Inflame","Disarm","Feed","Dexterity Potion","HandDrill","Medical Kit","PowerPotion"],"campfire_rested":0,"item_purchase_floors":[3,3,8,22,36,46,46],"current_hp_per_floor":[72,72,72,75,75,40,40,40,40,29,29,37,37,45,45,43,77,81,81,81,90,90,96,96,94,94,94,96,100,100,104,104,53,92,63,63,63,71,71,71,49,49,49,82,89,89,109,83,83,96],"gold":69,"neow_bonus":"HUNDRED_GOLD","is_prod":false,"is_daily":false,"chose_seed":false,"campfire_upgraded":9,"win_rate":0,"timestamp":1617729920,"path_taken":["M","?","$","M","?","E","R","$","T","E","?","M","E","M","R","BOSS","M","?","?","M","$","E","R","E","T","R","M","M","R","M","R","BOSS","M","$","?","M","?","R","E","R","T","E","M","$","?","E","R","BOSS"],"build_version":"2020-12-22","purchased_purges":3,"victory":true,"max_hp_per_floor":[75,75,75,75,75,75,75,75,75,78,78,82,83,87,87,88,88,89,89,89,93,93,97,97,98,98,98,99,100,100,104,104,105,105,109,109,104,105,105,105,106,106,106,107,108,108,109,113,113,114],"card_choices":[{"not_picked":["Thunderclap","Cleave"],"picked":"Iron Wave","floor":1.0},{"not_picked":["True Grit","Perfected Strike","Warcry"],"picked":"SKIP","floor":4.0},{"not_picked":["Flex","True Grit"],"picked":"Spot Weakness","floor":5.0},{"not_picked":["Power Through","Sever Soul"],"picked":"Anger","floor":6.0},{"not_picked":["Cleave","Dropkick"],"picked":"Iron Wave","floor":10.0},{"not_picked":["Entrench","Perfected Strike"],"picked":"Pommel Strike","floor":12.0},{"not_picked":["Warcry","Flex"],"picked":"Whirlwind","floor":13.0},{"not_picked":["Perfected Strike","Whirlwind"],"picked":"Metallicize","floor":14.0},{"not_picked":["Limit Break","Corruption"],"picked":"Reaper","floor":16.0},{"not_picked":["Flex","Heavy Blade"],"picked":"Headbutt+1","floor":18.0},{"not_picked":["Thunderclap+1","Iron Wave","Inflame+1"],"picked":"SKIP","floor":21.0},{"not_picked":["Whirlwind","Iron Wave","Dropkick"],"picked":"SKIP","floor":23.0},{"not_picked":["Brutality","Exhume"],"picked":"Uppercut","floor":25.0},{"not_picked":["Clothesline","Perfected Strike","Twin Strike"],"picked":"SKIP","floor":28.0},{"not_picked":["Carnage","Entrench","True Grit"],"picked":"SKIP","floor":29.0},{"not_picked":["Inflame","Infernal Blade","True Grit"],"picked":"SKIP","floor":31.0},{"not_picked":["Impervious","Juggernaut"],"picked":"Limit Break","floor":33.0},{"not_picked":["Seeing Red+1","Entrench"],"picked":"Heavy Blade","floor":35.0},{"not_picked":["True Grit","Reckless Charge"],"picked":"Shrug It Off","floor":38.0},{"not_picked":["Clothesline","Clash","Iron Wave+1"],"picked":"SKIP","floor":41.0},{"not_picked":["Iron Wave","Metallicize","Rupture"],"picked":"SKIP","floor":44.0},{"not_picked":["Burning Pact","Inflame"],"picked":"Power Through","floor":45},{"not_picked":["Disarm","Uppercut","Thunderclap"],"picked":"SKIP","floor":45},{"not_picked":["Body Slam+1","Wild Strike","Sever Soul"],"picked":"SKIP","floor":48}],"player_experience":4794760,"relics_obtained":[{"floor":6.0,"key":"Gambling Chip"},{"floor":9.0,"key":"PreservedInsect"},{"floor":10.0,"key":"Potion Belt"},{"floor":13.0,"key":"Smiling Mask"},{"floor":19.0,"key":"Toy Ornithopter"},{"floor":23.0,"key":"Nunchaku"},{"floor":25.0,"key":"Calipers"},{"floor":26.0,"key":"Bottled Flame"},{"floor":39.0,"key":"Akabeko"},{"floor":41.0,"key":"Ornamental Fan"},{"floor":41.0,"key":"Orichalcum"},{"floor":43.0,"key":"Dead Branch"},{"floor":44.0,"key":"Dream Catcher"},{"floor":44.0,"key":"Prayer Wheel"},{"floor":47,"key":"Shovel"},{"floor":48,"key":"HornCleat"},{"floor":48,"key":"Red Skull"}],"event_choices":[{"damage_healed":0.0,"max_hp_gain":0.0,"max_hp_loss":0.0,"gold_gain":0.0,"event_name":"WeMeetAgain","player_choice":"Gave Potion","floor":2.0,"gold_loss":0.0,"damage_taken":0.0,"relics_obtained":["Regal Pillow"]},{"damage_healed":0.0,"max_hp_gain":0.0,"max_hp_loss":0.0,"gold_gain":0.0,"event_name":"FaceTrader","player_choice":"Trade","floor":11.0,"gold_loss":0.0,"damage_taken":0.0,"relics_obtained":["FaceOfCleric"]},{"cards_removed":["Strike_R"],"damage_healed":0.0,"max_hp_gain":0.0,"max_hp_loss":0.0,"gold_gain":0.0,"event_name":"Beggar","player_choice":"Gave Gold","floor":20.0,"gold_loss":75.0,"damage_taken":0.0},{"damage_healed":0.0,"max_hp_gain":0.0,"max_hp_loss":5.0,"gold_gain":0.0,"event_name":"Winding Halls","player_choice":"Max HP","floor":37.0,"gold_loss":0.0,"damage_taken":0.0},{"damage_healed":0,"gold_gain":0,"player_choice":"Fight","damage_taken":0,"max_hp_gain":0,"max_hp_loss":0,"event_name":"MindBloom","floor":47,"gold_loss":0}],"is_beta":false,"boss_relics":[{"not_picked":["Tiny House","Philosopher\u0027s Stone"],"picked":"Coffee Dripper"},{"not_picked":["Fusion Hammer","SacredBark"],"picked":"Black Star"}],"items_purged_floors":[22,36,46],"is_endless":false,"potions_floor_spawned":[1,14,16,18,28,33,35,41,44,48],"ascension_level":15}