{"gold_per_floor":[118,133,143,218,218,218,245,245,245,245,245,277,297,309,309,383,383,396,396,408,333,351,351,56,56,56,56,84,4,21,121,121,195,245,265,281,71,91,102,129,129,154,180,180,180,29,42,77,77,77],"floor_reached":51,"playtime":2261,"items_purged":["Strike_R","Strike_R"],"score":1385,"play_id":"37f303b4-16dd-4879-b4f7-7df13d58251e","local_time":"20210330204101","is_ascension_mode":true,"campfire_choices":[{"floor":6.0,"key":"REST"},{"data":"Wild Strike","floor":8.0,"key":"SMITH"},{"data":"Shockwave","floor":10.0,"key":"SMITH"},{"data":"Armaments","floor":15.0,"key":"SMITH"},{"floor":23.0,"key":"REST"},{"data":"True Grit","floor":25.0,"key":"SMITH"},{"data":"Demon Form","floor":32.0,"key":"SMITH"},{"floor":44,"key":"REST"},{"data":"Metallicize","floor":49,"key":"SMITH"}],"neow_cost":"NONE","seed_source_timestamp":594060751246600,"circlet_count":0,"master_deck":["AscendersBane","Defend_R","Defend_R+1","Defend_R","Defend_R","Bash+1","Shockwave+1","Wild Strike+1","True Grit+1","Armaments+1","Evolve","Demon Form+1","Metallicize","Battle Trance","Double Tap","Heavy Blade+1","Shrug It Off","Offering","Pommel Strike+1","Burning Pact+1","Sword Boomerang+1","Rampage+1","Immolate+1","Metallicize+1","Uppercut+1","Shrug It Off+1"],"special_seed":0,"relics":["Burning Blood","Pen Nib","Pear","White Beast Statue","The Courier","Velvet Choker","Nilry\u0027s Codex","Gambling Chip","InkBottle","Champion Belt","Ice Cream","Molten Egg 2","Tiny House","Mummified Hand","Ancient Tea Set","Darkstone Periapt","Orichalcum","Centennial Puzzle","Unceasing Top"],"potions_floor_usage":[40,42,48,50,50],"damage_taken":[{"damage":6.0,"enemies":"Cultist","floor":1.0,"turns":4.0},{"damage":7.0,"enemies":"Jaw Worm","floor":2.0,"turns":4.0},{"damage":0.0,"enemies":"Small Slimes","floor":3.0,"turns":2.0},{"damage":25.0,"enemies":"Lagavulin","floor":7.0,"turns":6.0},{"damage":0.0,"enemies":"Gremlin Nob","floor":12.0,"turns":2.0},{"damage":10.0,"enemies":"Blue Slaver","floor":13.0,"turns":3.0},{"damage":6.0,"enemies":"2 Fungi Beasts","floor":14.0,"turns":4.0},{"damage":30.0,"enemies":"The Guardian","floor":16.0,"turns":11.0},{"damage":11.0,"enemies":"2 Thieves","floor":18.0,"turns":5.0},{"damage":18.0,"enemies":"Shell Parasite","floor":20.0,"turns":5.0},{"damage":21.0,"enemies":"Snake Plant","floor":22.0,"turns":4.0},{"damage":15.0,"enemies":"Gremlin Leader","floor":28.0,"turns":7.0},{"damage":0.0,"enemies":"Snecko","floor":30.0,"turns":5.0},{"damage":7.0,"enemies":"Colosseum Slavers","floor":31.0,"turns":6.0},{"damage":20.0,"enemies":"Colosseum Nobs","floor":31.0,"turns":5.0},{"damage":19.0,"enemies":"Champ","floor":33.0,"turns":9.0},{"damage":10.0,"enemies":"3 Darklings","floor":35.0,"turns":5.0},{"damage":9.0,"enemies":"Orb Walker","floor":36.0,"turns":4.0},{"damage":10.0,"enemies":"Spire Growth","floor":38.0,"turns":6.0},{"damage":6,"enemies":"Sphere and 2 Shapes","floor":39,"turns":4},{"damage":31,"enemies":"Nemesis","floor":40,"turns":7},{"damage":21,"enemies":"Reptomancer","floor":42,"turns":6},{"damage":6,"enemies":"Maw","floor":47,"turns":5},{"damage":14,"enemies":"Nemesis","floor":48,"turns":7},{"damage":34,"enemies":"Time Eater","floor":50,"turns":8}],"seed_played":"-6162491955713769861","potions_obtained":[{"floor":3.0,"key":"LiquidBronze"},{"floor":7.0,"key":"LiquidBronze"},{"floor":11.0,"key":"Explosive Potion"},{"floor":12.0,"key":"BloodPotion"},{"floor":13.0,"key":"SpeedPotion"},{"floor":16.0,"key":"SpeedPotion"},{"floor":18.0,"key":"PowerPotion"},{"floor":20.0,"key":"Swift Potion"},{"floor":22.0,"key":"DistilledChaos"},{"floor":28.0,"key":"BloodPotion"},{"floor":30.0,"key":"CultistPotion"},{"floor":31.0,"key":"EssenceOfSteel"},{"floor":33.0,"key":"Block Potion"},{"floor":34.0,"key":"LiquidMemories"},{"floor":35.0,"key":"Energy Potion"},{"floor":36.0,"key":"DuplicationPotion"},{"floor":40,"key":"CultistPotion"},{"floor":42,"key":"PowerPotion"},{"floor":48,"key":"DistilledChaos"}],"is_trial":false,"path_per_floor":["M","M","M","?","?","R","E","R","T","R","?","E","M","M","R","B",null,"M","?","M","?","M","R","$","R","T","?","E","$","M","?","R","B",null,"M","M","$","M","M","E","?","E","T","R","?","$","M","E","R","B",null],"character_chosen":"IRONCLAD","items_purchased":["Gambling Chip","Mummified Hand","Centennial Puzzle","Metallicize"],"campfire_rested":3,"item_purchase_floors":[24,37,46,46],"current_hp_per_floor":[68,67,73,62,39,61,52,52,52,52,52,58,71,71,71,47,76,71,50,38,38,23,48,48,48,48,48,39,39,62,47,47,34,77,73,70,70,66,66,41,74,59,59,74,74,74,74,66,66,38],"gold":77,"neow_bonus":"RANDOM_COMMON_RELIC","is_prod":false,"is_daily":false,"chose_seed":false,"campfire_upgraded":6,"win_rate":0,"timestamp":1617162061,"path_taken":["M","M","?","?","?","R","E","R","T","R","?","E","M","?","R","BOSS","M","?","M","?","M","R","$","R","T","?","E","$","M","?","R","BOSS","M","M","$","M","M","E","?","E","T","R","?","$","M","E","R","BOSS"],"build_version":"2020-12-22","purchased_purges":2,"victory":true,"max_hp_per_floor":[75,75,75,75,75,75,85,85,85,85,85,85,85,85,85,85,85,85,85,85,85,85,85,85,85,85,85,85,85,85,85,85,85,90,90,90,90,90,90,90,74,74,74,74,74,74,74,74,74,74],"card_choices":[{"not_picked":["Twin Strike","Armaments"],"picked":"Shockwave","floor":1.0},{"not_picked":["Clothesline","Clash"],"picked":"Wild Strike","floor":2.0},{"not_picked":["Sever Soul","Warcry","Intimidate"],"picked":"SKIP","floor":3.0},{"not_picked":["Dual Wield","Bloodletting"],"picked":"True Grit","floor":7.0},{"not_picked":["Wild Strike","Corruption"],"picked":"Armaments","floor":12.0},{"not_picked":["Armaments","Warcry"],"picked":"Evolve","floor":13.0},{"not_picked":["Warcry","Body Slam","Heavy Blade"],"picked":"SKIP","floor":14.0},{"not_picked":["Feed","Double Tap"],"picked":"Demon Form","floor":16.0},{"not_picked":["Twin Strike","Sever Soul","Iron Wave"],"picked":"SKIP","floor":18.0},{"not_picked":["Evolve","Sword Boomerang","Warcry"],"picked":"SKIP","floor":20.0},{"not_picked":["Dark Embrace","Twin Strike"],"picked":"Metallicize","floor":22.0},{"not_picked":["Sword Boomerang","Pommel Strike","Combust"],"picked":"SKIP","floor":28.0},{"not_picked":["Bloodletting","Cleave"],"picked":"Heavy Blade","floor":30.0},{"not_picked":["Clothesline+1","Wild Strike+1"],"picked":"Shrug It Off","floor":31.0},{"not_picked":["Bludgeon+1","Double Tap"],"picked":"Offering","floor":33.0},{"not_picked":["Hemokinesis+1","Dual Wield"],"picked":"Pommel Strike+1","floor":35.0},{"not_picked":["Anger+1","Cleave+1"],"picked":"Burning Pact+1","floor":36.0},{"not_picked":["Flex","Second Wind"],"picked":"Sword Boomerang+1","floor":38.0},{"not_picked":["Havoc","Flame Barrier"],"picked":"Rampage+1","floor":39},{"not_picked":["Armaments","Rampage+1"],"picked":"Immolate+1","floor":40},{"not_picked":["True Grit","Dark Embrace","Intimidate"],"picked":"SKIP","floor":42},{"not_picked":["Cleave+1","Fire Breathing"],"picked":"Uppercut+1","floor":47},{"not_picked":["Body Slam+1","Hemokinesis+1"],"picked":"Shrug It Off+1","floor":48}],"player_experience":4773866,"relics_obtained":[{"floor":7.0,"key":"Pear"},{"floor":9.0,"key":"White Beast Statue"},{"floor":12.0,"key":"The Courier"},{"floor":19.0,"key":"Nilry\u0027s Codex"},{"floor":26.0,"key":"InkBottle"},{"floor":28.0,"key":"Champion Belt"},{"floor":31.0,"key":"Ice Cream"},{"floor":31.0,"key":"Molten Egg 2"},{"floor":40,"key":"Ancient Tea Set"},{"floor":42,"key":"Darkstone Periapt"},{"floor":43,"key":"Orichalcum"},{"floor":48,"key":"Unceasing Top"}],"event_choices":[{"damage_healed":0.0,"max_hp_gain":0.0,"max_hp_loss":0.0,"gold_gain":75.0,"event_name":"World of Goop","player_choice":"Gather Gold","floor":4.0,"gold_loss":0.0,"damage_taken":11.0},{"damage_healed":0.0,"max_hp_gain":0.0,"max_hp_loss":0.0,"gold_gain":0.0,"event_name":"Shining Light","player_choice":"Entered Light","floor":5.0,"gold_loss":0.0,"damage_taken":23.0,"cards_upgraded":["Bash","Defend_R"]},{"damage_healed":0.0,"max_hp_gain":0.0,"max_hp_loss":0.0,"gold_gain":0.0,"event_name":"Lab","player_choice":"Got Potions","floor":11.0,"gold_loss":0.0,"damage_taken":0.0},{"damage_healed":0.0,"max_hp_gain":0.0,"max_hp_loss":0.0,"gold_gain":0.0,"event_name":"Cursed Tome","player_choice":"Obtained Book","floor":19.0,"gold_loss":0.0,"damage_taken":21.0},{"cards_removed":["Strike_R"],"damage_healed":0.0,"max_hp_gain":0.0,"max_hp_loss":0.0,"gold_gain":0.0,"event_name":"Beggar","player_choice":"Gave Gold","floor":21.0,"gold_loss":75.0,"damage_taken":0.0},{"damage_healed":0.0,"max_hp_gain":0.0,"max_hp_loss":0.0,"gold_gain":0.0,"cards_transformed":["Strike_R","Strike_R"],"event_name":"Drug Dealer","player_choice":"Became Test Subject","floor":27.0,"gold_loss":0.0,"damage_taken":0.0,"cards_obtained":["Battle Trance","Double Tap"]},{"damage_healed":0.0,"max_hp_gain":0.0,"max_hp_loss":0.0,"gold_gain":0.0,"event_name":"Colosseum","player_choice":"Fight","floor":31.0,"gold_loss":0.0,"damage_taken":0.0},{"damage_healed":0.0,"max_hp_gain":0.0,"max_hp_loss":0.0,"gold_gain":0.0,"event_name":"Colosseum","player_choice":"Fought Nobs","floor":31.0,"gold_loss":0.0,"damage_taken":0.0},{"damage_healed":74,"gold_gain":0,"player_choice":"Heal","damage_taken":0,"max_hp_gain":0,"max_hp_loss":16,"event_name":"The Moai Head","floor":41,"gold_loss":0},{"damage_healed":0,"gold_gain":0,"player_choice":"Ignored","damage_taken":0,"max_hp_gain":0,"max_hp_loss":0,"event_name":"Tomb of Lord Red Mask","floor":45,"gold_loss":0}],"is_beta":false,"boss_relics":[{"not_picked":["Sozu","Runic Pyramid"],"picked":"Velvet Choker"},{"not_picked":["Astrolabe","Busted Crown"],"picked":"Tiny House"}],"items_purged_floors":[24,29],"is_endless":false,"potions_floor_spawned":[3,7,12,13,14,16,18,20,22,28,30,31,31,33,35,36,38,39,40,42,47,48],"ascension_level":15}