{"gold_per_floor":[117,42,42,55,70,70,105,124,147,174,184,184,217,236,236,307,307,317,116,116,130,140,167,167,197,224,224,253,266,141,141,141,219,219,233,251,215,215,232,261,278,308,308,342,342,342,356,39,39,39],"floor_reached":51,"playtime":3069,"items_purged":["Clumsy","Strike_R","Strike_R+1"],"score":1501,"play_id":"57c4ade3-5052-46d8-9e38-5d69eb898b8d","local_time":"20210407110733","is_ascension_mode":true,"campfire_choices":[{"data":"Spot Weakness","floor":6,"key":"SMITH"},{"data":"True Grit","floor":12,"key":"SMITH"},{"data":"Uppercut","floor":15,"key":"SMITH"},{"data":"Inflame","floor":27,"key":"SMITH"},{"data":"Heavy Blade","floor":32,"key":"SMITH"},{"data":"Disarm","floor":45,"key":"SMITH"},{"data":"Metallicize","floor":49,"key":"SMITH"}],"neow_cost":"CURSE","seed_source_timestamp":91472036742600,"circlet_count":0,"master_deck":["AscendersBane","Strike_R+1","Strike_R+1","Defend_R+1","Defend_R+1","Defend_R+1","Defend_R+1","Bash+1","Twin Strike","Cleave","Spot Weakness+1","Fiend Fire","True Grit+1","Heavy Blade+1","Metallicize+1","Feel No Pain+1","Uppercut+1","Impervious","Rage+1","Battle Trance","Inflame+1","Intimidate+1","Flame Barrier","Feed+1","Corruption","Exhume","Pummel+1","Disarm+1","Shrug It Off","Shockwave+1","Headbutt+1","Power Through+1","Warcry+1","Feel No Pain+1"],"relics":["Burning Blood","Thread and Needle","Bag of Preparation","Bag of Marbles","Tiny Chest","Blood Vial","Coffee Dripper","Centennial Puzzle","Molten Egg 2","Lantern","Unceasing Top","Ice Cream","Runic Cube","Red Skull","Nunchaku","Frozen Egg 2","Toxic Egg 2","Oddly Smooth Stone"],"potions_floor_usage":[13,16,22,25,33,40,44,48,50,50],"damage_taken":[{"damage":0,"enemies":"2 Louse","floor":1,"turns":3},{"damage":2,"enemies":"Jaw Worm","floor":4,"turns":4},{"damage":0,"enemies":"Cultist","floor":5,"turns":3},{"damage":28,"enemies":"3 Sentries","floor":7,"turns":6},{"damage":11,"enemies":"Gremlin Gang","floor":8,"turns":3},{"damage":12,"enemies":"Gremlin Nob","floor":10,"turns":3},{"damage":0,"enemies":"Looter","floor":11,"turns":1},{"damage":10,"enemies":"3 Sentries","floor":13,"turns":6},{"damage":0,"enemies":"2 Fungi Beasts","floor":14,"turns":3},{"damage":13,"enemies":"Slime Boss","floor":16,"turns":9},{"damage":4,"enemies":"Spheric Guardian","floor":18,"turns":3},{"damage":0,"enemies":"2 Thieves","floor":21,"turns":3},{"damage":5,"enemies":"Chosen and Byrds","floor":22,"turns":4},{"damage":0,"enemies":"Gremlin Leader","floor":23,"turns":5},{"damage":19,"enemies":"Book of Stabbing","floor":25,"turns":6},{"damage":11,"enemies":"Gremlin Leader","floor":28,"turns":4},{"damage":0,"enemies":"Centurion and Healer","floor":29,"turns":6},{"damage":5,"enemies":"Champ","floor":33,"turns":10},{"damage":0,"enemies":"3 Darklings","floor":35,"turns":7},{"damage":4,"enemies":"3 Shapes","floor":36,"turns":4},{"damage":12,"enemies":"3 Darklings","floor":39,"turns":3},{"damage":3,"enemies":"Reptomancer","floor":40,"turns":6},{"damage":25,"enemies":"4 Shapes","floor":41,"turns":10},{"damage":28,"enemies":"Giant Head","floor":42,"turns":11},{"damage":31,"enemies":"Reptomancer","floor":44,"turns":5},{"damage":0,"enemies":"Maw","floor":47,"turns":7},{"damage":17,"enemies":"Time Eater","floor":50,"turns":14}],"seed_played":"9009069457553866844","potions_obtained":[{"floor":7,"key":"BloodPotion"},{"floor":10,"key":"ColorlessPotion"},{"floor":13,"key":"Strength Potion"},{"floor":16,"key":"Swift Potion"},{"floor":23,"key":"Dexterity Potion"},{"floor":25,"key":"FearPotion"},{"floor":33,"key":"DuplicationPotion"},{"floor":40,"key":"Ancient Potion"},{"floor":42,"key":"Block Potion"},{"floor":44,"key":"BloodPotion"}],"is_trial":false,"path_per_floor":["M","$","?","M","M","R","E","M","T","E","M","R","E","M","R","B",null,"M","$","?","M","M","E","?","E","T","R","E","M","$","T","R","B",null,"M","M","$","?","M","E","M","E","T","E","R","?","M","$","R","B",null],"character_chosen":"IRONCLAD","items_purchased":["Battle Trance","Inflame","Disarm","Oddly Smooth Stone","Feel No Pain+1","CultistPotion"],"campfire_rested":0,"item_purchase_floors":[19,19,37,48,48,48],"current_hp_per_floor":[74,74,74,75,75,75,53,48,48,42,48,48,59,67,67,62,72,75,75,75,75,75,75,75,62,62,62,63,75,75,75,75,82,86,91,95,95,95,93,102,92,76,76,57,57,57,65,88,88,79],"gold":39,"neow_bonus":"ONE_RARE_RELIC","is_prod":false,"is_daily":false,"chose_seed":false,"campfire_upgraded":7,"win_rate":0,"timestamp":1617818853,"path_taken":["M","$","?","M","M","R","E","M","T","E","M","R","E","M","R","BOSS","M","$","?","M","M","E","?","E","T","R","E","?","$","?","R","BOSS","M","M","$","?","M","E","M","E","T","E","R","?","M","$","R","BOSS"],"build_version":"2020-12-22","purchased_purges":3,"victory":true,"max_hp_per_floor":[75,75,75,75,75,75,75,75,75,75,75,75,75,75,75,75,75,75,75,75,75,75,75,75,75,75,75,79,83,83,83,83,87,87,91,95,95,95,99,103,111,115,115,119,119,119,119,119,119,119],"card_choices":[{"not_picked":["Warcry","Searing Blow"],"picked":"Twin Strike","floor":1},{"not_picked":["Heavy Blade","Pommel Strike"],"picked":"Cleave","floor":4},{"not_picked":["Carnage","Sword Boomerang"],"picked":"Spot Weakness","floor":5},{"not_picked":["Rampage","Clothesline"],"picked":"Fiend Fire","floor":7},{"not_picked":["Spot Weakness","Reckless Charge"],"picked":"True Grit","floor":8},{"not_picked":["Clash","Evolve"],"picked":"Heavy Blade","floor":10},{"not_picked":["Perfected Strike","Anger"],"picked":"Metallicize","floor":11},{"not_picked":["True Grit","Heavy Blade"],"picked":"Feel No Pain","floor":13},{"not_picked":["Juggernaut","Heavy Blade"],"picked":"Uppercut","floor":14},{"not_picked":["Juggernaut","Berserk"],"picked":"Impervious","floor":16},{"not_picked":["Iron Wave","Clash+1"],"picked":"Rage+1","floor":18},{"not_picked":["Infernal Blade","Body Slam+1","Heavy Blade"],"picked":"SKIP","floor":21},{"not_picked":["Twin Strike","Sword Boomerang"],"picked":"Intimidate+1","floor":22},{"not_picked":["Shrug It Off","Infernal Blade"],"picked":"Flame Barrier","floor":23},{"not_picked":["Sword Boomerang+1","Combust"],"picked":"Feed+1","floor":25},{"not_picked":["Rupture","Body Slam+1","Clothesline+1"],"picked":"SKIP","floor":28},{"not_picked":["True Grit","Thunderclap+1"],"picked":"Corruption","floor":29},{"not_picked":["Double Tap","Bludgeon+1"],"picked":"Exhume","floor":33},{"not_picked":["Rage","Armaments"],"picked":"Pummel+1","floor":35},{"not_picked":["Cleave+1","Metallicize","Warcry"],"picked":"SKIP","floor":36},{"not_picked":["True Grit+1","Anger+1"],"picked":"Shrug It Off","floor":39},{"not_picked":["Clothesline+1","Wild Strike+1"],"picked":"Shockwave+1","floor":40},{"not_picked":["Warcry+1","Flex"],"picked":"Headbutt+1","floor":41},{"not_picked":["Wild Strike+1","Feed+1","Second Wind"],"picked":"SKIP","floor":42},{"not_picked":["Perfected Strike+1","Body Slam+1"],"picked":"Power Through+1","floor":44},{"not_picked":["Reckless Charge+1","Cleave+1"],"picked":"Warcry+1","floor":47}],"player_experience":4797092,"relics_obtained":[{"floor":7,"key":"Bag of Preparation"},{"floor":9,"key":"Bag of Marbles"},{"floor":10,"key":"Tiny Chest"},{"floor":13,"key":"Blood Vial"},{"floor":23,"key":"Centennial Puzzle"},{"floor":25,"key":"Molten Egg 2"},{"floor":26,"key":"Lantern"},{"floor":28,"key":"Unceasing Top"},{"floor":31,"key":"Ice Cream"},{"floor":40,"key":"Red Skull"},{"floor":42,"key":"Nunchaku"},{"floor":43,"key":"Frozen Egg 2"},{"floor":44,"key":"Toxic Egg 2"}],"event_choices":[{"damage_healed":0,"gold_gain":0,"player_choice":"Grow","damage_taken":0,"max_hp_gain":0,"max_hp_loss":0,"event_name":"Living Wall","floor":3,"gold_loss":0,"cards_upgraded":["Bash"]},{"damage_healed":0,"gold_gain":0,"player_choice":"Simplicity","damage_taken":0,"max_hp_gain":0,"max_hp_loss":0,"event_name":"Back to Basics","floor":20,"gold_loss":0,"cards_upgraded":["Strike_R","Strike_R","Strike_R","Strike_R","Defend_R","Defend_R","Defend_R","Defend_R"]},{"damage_healed":0,"gold_gain":0,"player_choice":"Got Potions","damage_taken":0,"max_hp_gain":0,"max_hp_loss":0,"event_name":"Lab","floor":24,"gold_loss":0},{"cards_removed":["Strike_R"],"damage_healed":0,"gold_gain":0,"player_choice":"Removed Attack","damage_taken":0,"max_hp_gain":0,"max_hp_loss":0,"event_name":"Falling","floor":38,"gold_loss":0},{"damage_healed":0,"gold_gain":0,"player_choice":"Upgraded","damage_taken":0,"max_hp_gain":0,"max_hp_loss":0,"event_name":"Upgrade Shrine","floor":46,"gold_loss":0,"cards_upgraded":["Feel No Pain"]}],"is_beta":false,"boss_relics":[{"not_picked":["Pandora\u0027s Box","Philosopher\u0027s Stone"],"picked":"Coffee Dripper"},{"not_picked":["Velvet Choker","Runic Dome"],"picked":"Runic Cube"}],"items_purged_floors":[2,19,30],"is_endless":false,"potions_floor_spawned":[7,10,13,16,23,25,33,40,41,42,44],"ascension_level":15}