{"gold_per_floor":[117,130,130,146,70,104,120,145,168,228,248,261,261,273,273,345,345,361,286,303,303,50,50,85,85,85,95,95,95,95,125,125,200,200,216,216,7,18,38,66,66,95,141,141,161,194,204,221,221,221],"floor_reached":51,"playtime":2059,"items_purged":["Strike_R","Strike_R","Strike_R"],"score":1336,"play_id":"ffef221d-1d78-485f-ad0c-3c043db562c3","local_time":"20210521183957","is_ascension_mode":true,"campfire_choices":[{"data":"Spot Weakness","floor":13,"key":"SMITH"},{"data":"True Grit","floor":15,"key":"SMITH"},{"data":"Sword Boomerang","floor":23,"key":"SMITH"},{"data":"Double Tap","floor":25,"key":"SMITH"},{"data":"Feel No Pain","floor":29,"key":"SMITH"},{"data":"Demon Form","floor":32,"key":"SMITH"},{"data":"Shockwave","floor":41,"key":"SMITH"},{"data":"Pummel","floor":44,"key":"SMITH"},{"data":"Shrug It Off","floor":49,"key":"SMITH"}],"neow_cost":"NONE","seed_source_timestamp":153503447057400,"circlet_count":0,"master_deck":["AscendersBane","Strike_R","Strike_R+1","Defend_R","Defend_R","Defend_R","Bash+1","Clothesline+1","Pommel Strike","True Grit+1","Spot Weakness+1","Reaper","Anger","Sword Boomerang+1","Impervious","Feel No Pain+1","Double Tap+1","Shrug It Off+1","Demon Form+1","Reaper","Shockwave+1","Pummel+1","Exhume","Headbutt+1","Shrug It Off","Thunderclap+1"],"relics":["Burning Blood","Mercury Hourglass","Omamori","Pen Nib","Bag of Preparation","Odd Mushroom","Cursed Key","Lantern","Bag of Marbles","Champion Belt","Bottled Lightning","MutagenicStrength","Thread and Needle","Philosopher\u0027s Stone","Whetstone","MealTicket","PreservedInsect","Singing Bowl"],"potions_floor_usage":[6,20,37,50,50],"damage_taken":[{"damage":0,"enemies":"Small Slimes","floor":1,"turns":3},{"damage":1,"enemies":"2 Louse","floor":2,"turns":3},{"damage":6,"enemies":"Cultist","floor":4,"turns":3},{"damage":16,"enemies":"3 Sentries","floor":6,"turns":7},{"damage":2,"enemies":"3 Louse","floor":7,"turns":2},{"damage":19,"enemies":"Gremlin Nob","floor":8,"turns":4},{"damage":36,"enemies":"Lagavulin Event","floor":10,"turns":5},{"damage":9,"enemies":"The Mushroom Lair","floor":11,"turns":4},{"damage":6,"enemies":"Looter","floor":12,"turns":2},{"damage":16,"enemies":"Lots of Slimes","floor":14,"turns":3},{"damage":39,"enemies":"The Guardian","floor":16,"turns":8},{"damage":6,"enemies":"3 Byrds","floor":18,"turns":4},{"damage":11,"enemies":"Spheric Guardian","floor":20,"turns":3},{"damage":22,"enemies":"Slavers","floor":24,"turns":5},{"damage":3,"enemies":"Chosen and Byrds","floor":27,"turns":4},{"damage":7,"enemies":"Book of Stabbing","floor":31,"turns":4},{"damage":44,"enemies":"Automaton","floor":33,"turns":7},{"damage":8,"enemies":"3 Shapes","floor":35,"turns":1},{"damage":0,"enemies":"Orb Walker","floor":38,"turns":2},{"damage":9,"enemies":"3 Darklings","floor":39,"turns":5},{"damage":1,"enemies":"Giant Head","floor":40,"turns":6},{"damage":38,"enemies":"Reptomancer","floor":42,"turns":6},{"damage":0,"enemies":"Transient","floor":45,"turns":5},{"damage":27,"enemies":"Nemesis","floor":46,"turns":5},{"damage":5,"enemies":"Writhing Mass","floor":47,"turns":4},{"damage":0,"enemies":"3 Darklings","floor":48,"turns":2},{"damage":59,"enemies":"Donu and Deca","floor":50,"turns":5}],"seed_played":"1687344434501505213","potions_obtained":[{"floor":1,"key":"Explosive Potion"},{"floor":8,"key":"Explosive Potion"},{"floor":12,"key":"SneckoOil"},{"floor":14,"key":"FearPotion"},{"floor":24,"key":"SpeedPotion"},{"floor":35,"key":"Fruit Juice"},{"floor":46,"key":"Strength Potion"}],"is_trial":false,"path_per_floor":["M","M","?","M","$","E","M","E","T","?","?","M","R","M","R","B",null,"M","$","M","?","$","R","E","R","T","M","$","R","?","E","R","B",null,"M","?","$","M","M","E","R","E","T","R","M","E","M","M","R","B",null],"character_chosen":"IRONCLAD","items_purchased":["Spot Weakness","Bag of Marbles","Shockwave","PowerPotion"],"campfire_rested":0,"item_purchase_floors":[5,22,37,37],"current_hp_per_floor":[74,75,75,75,75,65,75,62,62,38,47,47,47,60,60,39,66,75,75,70,70,70,70,70,70,70,73,73,73,73,75,75,44,67,75,75,80,80,78,80,80,80,80,80,80,59,82,82,82,82],"gold":221,"neow_bonus":"THREE_CARDS","is_prod":false,"is_daily":false,"chose_seed":false,"campfire_upgraded":9,"win_rate":0,"timestamp":1621647597,"path_taken":["M","M","?","M","$","E","M","E","T","?","?","M","R","M","R","BOSS","M","$","M","?","?","R","E","R","T","M","$","R","?","E","R","BOSS","M","?","$","M","M","E","R","E","T","R","M","E","M","M","R","BOSS"],"build_version":"2020-12-22","purchased_purges":3,"victory":true,"max_hp_per_floor":[75,75,75,75,75,75,75,75,75,75,75,75,75,75,75,75,75,75,75,75,75,75,75,75,75,75,75,75,75,75,75,75,75,75,75,75,80,80,80,80,80,80,80,80,80,80,82,82,82,82],"card_choices":[{"not_picked":["Clash","Pommel Strike"],"picked":"Clothesline","floor":0},{"not_picked":["Seeing Red","Warcry","Body Slam"],"picked":"SKIP","floor":1},{"not_picked":["Dropkick","Flex"],"picked":"Pommel Strike","floor":2},{"not_picked":["Sword Boomerang","Heavy Blade"],"picked":"True Grit","floor":4},{"not_picked":["Body Slam","Battle Trance"],"picked":"Reaper","floor":6},{"not_picked":["Havoc","True Grit"],"picked":"Anger","floor":7},{"not_picked":["Blood for Blood","Searing Blow","Entrench"],"picked":"SKIP","floor":8},{"not_picked":["Evolve","Intimidate"],"picked":"Twin Strike","floor":11},{"not_picked":["Seeing Red","Warcry","Clash"],"picked":"SKIP","floor":12},{"not_picked":["Warcry","Thunderclap"],"picked":"Sword Boomerang","floor":14},{"not_picked":["Berserk","Demon Form"],"picked":"Impervious","floor":16},{"not_picked":["Clothesline","Wild Strike","Hemokinesis"],"picked":"SKIP","floor":18},{"not_picked":["Thunderclap+1","Bludgeon"],"picked":"Feel No Pain","floor":20},{"not_picked":["Searing Blow","Clash"],"picked":"Double Tap","floor":24},{"not_picked":["Pommel Strike","Perfected Strike"],"picked":"Shrug It Off","floor":27},{"not_picked":["Wild Strike","Flex"],"picked":"Demon Form","floor":31},{"not_picked":["Barricade","Brutality"],"picked":"Reaper","floor":33},{"not_picked":["Wild Strike+1","Feel No Pain+1","Havoc"],"picked":"SKIP","floor":35},{"not_picked":["Armaments","Body Slam","Hemokinesis"],"picked":"SKIP","floor":38},{"not_picked":["Warcry","Headbutt"],"picked":"Pummel","floor":39},{"not_picked":["Second Wind+1","Sword Boomerang+1"],"picked":"Exhume","floor":40},{"not_picked":["Twin Strike","Demon Form"],"picked":"Headbutt+1","floor":42},{"not_picked":["Rampage","Twin Strike","Anger"],"picked":"SKIP","floor":45},{"not_picked":["Clothesline+1","Infernal Blade+1"],"picked":"Shrug It Off","floor":46},{"not_picked":["Clothesline+1","Infernal Blade","Perfected Strike+1"],"picked":"Singing Bowl","floor":47},{"not_picked":["Iron Wave","Pummel"],"picked":"Thunderclap+1","floor":48}],"player_experience":4806548,"relics_obtained":[{"floor":6,"key":"Mercury Hourglass"},{"floor":8,"key":"Omamori"},{"floor":9,"key":"Pen Nib"},{"floor":10,"key":"Bag of Preparation"},{"floor":11,"key":"Odd Mushroom"},{"floor":24,"key":"Champion Belt"},{"floor":26,"key":"Bottled Lightning"},{"floor":31,"key":"Thread and Needle"},{"floor":40,"key":"Whetstone"},{"floor":42,"key":"MealTicket"},{"floor":43,"key":"PreservedInsect"},{"floor":46,"key":"Singing Bowl"}],"event_choices":[{"damage_healed":0,"gold_gain":0,"player_choice":"Grow","damage_taken":0,"max_hp_gain":0,"max_hp_loss":0,"event_name":"Living Wall","floor":3,"gold_loss":0,"cards_upgraded":["Bash"]},{"damage_healed":0,"gold_gain":0,"player_choice":"Searched \u00272\u0027 times","damage_taken":0,"max_hp_gain":0,"max_hp_loss":0,"event_name":"Dead Adventurer","floor":10,"gold_loss":0},{"damage_healed":0,"gold_gain":0,"player_choice":"Fought Mushrooms","damage_taken":0,"max_hp_gain":0,"max_hp_loss":0,"event_name":"Mushrooms","floor":11,"gold_loss":0},{"cards_removed":["Twin Strike"],"damage_healed":0,"gold_gain":0,"player_choice":"Gave Card","damage_taken":0,"relics_obtained":["Lantern"],"max_hp_gain":0,"max_hp_loss":0,"event_name":"WeMeetAgain","floor":21,"gold_loss":0},{"damage_healed":0,"gold_gain":0,"player_choice":"Inject Mutagens","damage_taken":0,"relics_obtained":["MutagenicStrength"],"max_hp_gain":0,"max_hp_loss":0,"event_name":"Drug Dealer","floor":30,"gold_loss":0},{"cards_removed":["Defend_R"],"damage_healed":0,"gold_gain":0,"player_choice":"Removed Skill","damage_taken":0,"max_hp_gain":0,"max_hp_loss":0,"event_name":"Falling","floor":36,"gold_loss":0}],"is_beta":false,"boss_relics":[{"not_picked":["Calling Bell","Astrolabe"],"picked":"Cursed Key"},{"not_picked":["Black Blood","Velvet Choker"],"picked":"Philosopher\u0027s Stone"}],"items_purged_floors":[19,22,37],"is_endless":false,"potions_floor_spawned":[1,8,12,14,16,18,24,35,39,40,42,46],"ascension_level":15}