{"gold_per_floor":[116,116,127,127,147,147,175,175,253,253,267,267,267,302,314,405,417,447,459,487,5,19,19,54,72,95,195,225,260,64,114,114,187,187,202,27,39,50,401,432,432,119,119,149,166,197,210,245,245,245],"floor_reached":51,"playtime":2167,"items_purged":["Strike_R","Strike_R","Defend_R"],"score":1579,"play_id":"7a56e083-d80b-4e3c-beba-6e2f6df5a1c3","local_time":"20210604202209","is_ascension_mode":true,"campfire_choices":[{"data":"Carnage","floor":6.0,"key":"SMITH"},{"data":"Shockwave","floor":8.0,"key":"SMITH"},{"data":"Cleave","floor":10.0,"key":"SMITH"},{"data":"Bash","floor":13.0,"key":"SMITH"},{"data":"Anger","floor":15.0,"key":"SMITH"},{"floor":23.0,"key":"REST"},{"floor":32,"key":"REST"},{"data":"Sword Boomerang","floor":41,"key":"SMITH"},{"data":"Metallicize","floor":49,"key":"SMITH"}],"neow_cost":"NONE","seed_source_timestamp":43366585169000,"circlet_count":0,"master_deck":["AscendersBane","Strike_R+1","Strike_R+1","Defend_R","Defend_R","Defend_R","Bash+1","Carnage+1","Cleave+1","Anger+1","Shockwave+1","Burning Pact+1","Warcry+1","Limit Break+1","J.A.X.+1","Thunderclap+1","Offering+1","Shrug It Off+1","Flame Barrier+1","Intimidate+1","Disarm+1","Hemokinesis+1","Havoc+1","Metallicize","Twin Strike","Impervious+1","Feel No Pain","Shrug It Off+1","Sword Boomerang+1","Shrug It Off+1","Dark Shackles+1","Metallicize+1","Shrug It Off+1","True Grit+1","Pummel+1","Ghostly Armor+1"],"special_seed":0,"relics":["Burning Blood","Juzu Bracelet","Blood Vial","Toxic Egg 2","MawBank","Runic Pyramid","Bag of Preparation","Self Forming Clay","Potion Belt","WingedGreaves","Pantograph","Art of War","Toy Ornithopter","Philosopher\u0027s Stone","Old Coin","Bottled Lightning","Nunchaku","Bottled Tornado","Mercury Hourglass","MealTicket","Centennial Puzzle"],"potions_floor_usage":[27,39,44,45,47,50,50],"damage_taken":[{"damage":6.0,"enemies":"2 Louse","floor":1.0,"turns":3.0},{"damage":10.0,"enemies":"Small Slimes","floor":3.0,"turns":3.0},{"damage":1.0,"enemies":"Cultist","floor":5.0,"turns":3.0},{"damage":10.0,"enemies":"3 Sentries","floor":7.0,"turns":4.0},{"damage":0.0,"enemies":"3 Louse","floor":11.0,"turns":2.0},{"damage":30.0,"enemies":"Lagavulin","floor":14.0,"turns":5.0},{"damage":13.0,"enemies":"Hexaghost","floor":16.0,"turns":8.0},{"damage":4.0,"enemies":"3 Byrds","floor":18.0,"turns":5.0},{"damage":31.0,"enemies":"2 Thieves","floor":20.0,"turns":4.0},{"damage":3.0,"enemies":"Snecko","floor":22.0,"turns":3.0},{"damage":11.0,"enemies":"Gremlin Leader","floor":24.0,"turns":3.0},{"damage":9.0,"enemies":"Sentry and Sphere","floor":25.0,"turns":3.0},{"damage":24,"enemies":"Colosseum Slavers","floor":27,"turns":5},{"damage":8,"enemies":"Colosseum Nobs","floor":27,"turns":5},{"damage":26,"enemies":"Book of Stabbing","floor":28,"turns":6},{"damage":18,"enemies":"Gremlin Leader","floor":29,"turns":5},{"damage":27,"enemies":"Champ","floor":33,"turns":8},{"damage":19,"enemies":"3 Darklings","floor":35,"turns":5},{"damage":6,"enemies":"3 Shapes","floor":37,"turns":6},{"damage":17,"enemies":"Sphere and 2 Shapes","floor":38,"turns":5},{"damage":23,"enemies":"2 Orb Walkers","floor":39,"turns":3},{"damage":11,"enemies":"Nemesis","floor":40,"turns":7},{"damage":11,"enemies":"Reptomancer","floor":44,"turns":6},{"damage":9,"enemies":"3 Darklings","floor":45,"turns":3},{"damage":16,"enemies":"Nemesis","floor":46,"turns":7},{"damage":11,"enemies":"Maw","floor":47,"turns":5},{"damage":18,"enemies":"Reptomancer","floor":48,"turns":6},{"damage":11,"enemies":"Time Eater","floor":50,"turns":7}],"seed_played":"-6867459240024698045","potions_obtained":[{"floor":1.0,"key":"LiquidMemories"},{"floor":5.0,"key":"Fire Potion"},{"floor":14.0,"key":"SteroidPotion"},{"floor":22.0,"key":"Regen Potion"},{"floor":27,"key":"FairyPotion"},{"floor":28,"key":"Ancient Potion"},{"floor":29,"key":"EntropicBrew"},{"floor":33,"key":"PowerPotion"},{"floor":39,"key":"Energy Potion"},{"floor":40,"key":"Regen Potion"},{"floor":44,"key":"Fire Potion"},{"floor":46,"key":"DistilledChaos"}],"is_trial":false,"path_per_floor":["M","?","M","?","M","R","E","R","T","R","M","?","R","E","R","B",null,"M","?","M","$","M","R","E","M","T","?","E","E","$","?","R","B",null,"M","$","M","M","?","E","R","$","T","E","M","E","M","E","R","B",null],"character_chosen":"IRONCLAD","items_purchased":["Offering+1","Shrug It Off+1","Bag of Preparation","DistilledChaos","Twin Strike","DuplicationPotion","Shrug It Off+1","Dark Shackles+1","Metallicize","Nunchaku"],"campfire_rested":2,"item_purchase_floors":[21,21,21,21,30,30,36,42,42,42],"current_hp_per_floor":[75,64,60,35,40,40,36,36,36,36,44,44,44,22,22,17,66,70,70,47,47,52,76,73,81,81,64,46,36,36,36,60,61,77,66,66,68,59,49,46,46,46,46,63,67,59,61,51,51,82],"gold":245,"neow_bonus":"TEN_PERCENT_HP_BONUS","is_prod":false,"is_daily":false,"chose_seed":false,"campfire_upgraded":7,"win_rate":0,"timestamp":1622863329,"path_taken":["M","?","M","?","M","R","E","R","T","R","M","?","R","E","R","BOSS","M","?","M","$","M","R","E","M","T","?","E","E","$","?","R","BOSS","M","$","M","M","?","E","R","$","T","E","M","E","M","E","R","BOSS"],"build_version":"2020-12-22","purchased_purges":3,"victory":true,"max_hp_per_floor":[82,82,82,82,82,82,82,82,82,82,82,82,82,82,82,82,82,82,82,82,82,82,82,82,82,82,82,82,82,82,82,82,82,82,82,82,82,82,82,82,82,82,82,82,82,82,82,82,82,82],"card_choices":[{"not_picked":["Burning Pact","Clothesline"],"picked":"Carnage","floor":1.0},{"not_picked":["Evolve","Havoc"],"picked":"Cleave","floor":3.0},{"not_picked":["Dropkick","Wild Strike"],"picked":"Anger","floor":5.0},{"not_picked":["Anger","Fire Breathing"],"picked":"Shockwave","floor":7.0},{"not_picked":["Headbutt","Perfected Strike"],"picked":"Burning Pact+1","floor":11.0},{"not_picked":["Headbutt","Pommel Strike"],"picked":"Warcry+1","floor":14.0},{"not_picked":["Bludgeon","Berserk"],"picked":"Limit Break+1","floor":16.0},{"not_picked":["Heavy Blade","Anger","Whirlwind"],"picked":"SKIP","floor":18.0},{"not_picked":["Heavy Blade","Warcry+1"],"picked":"Thunderclap+1","floor":20.0},{"not_picked":["Thunderclap","Rupture"],"picked":"Flame Barrier+1","floor":22.0},{"not_picked":["Cleave+1","Blood for Blood"],"picked":"Intimidate+1","floor":24.0},{"not_picked":["Ghostly Armor+1","Clash"],"picked":"Disarm+1","floor":25.0},{"not_picked":["Berserk","Anger"],"picked":"Hemokinesis+1","floor":27},{"not_picked":["Anger+1","Pommel Strike"],"picked":"Havoc+1","floor":28},{"not_picked":["Berserk","Brutality"],"picked":"Metallicize","floor":29},{"not_picked":["Exhume+1","Feed"],"picked":"Impervious+1","floor":33},{"not_picked":["Dropkick+1","Uppercut+1"],"picked":"Feel No Pain","floor":35},{"not_picked":["Feel No Pain+1","Pommel Strike"],"picked":"Sword Boomerang","floor":37},{"not_picked":["Clash","Hemokinesis","Clothesline"],"picked":"SKIP","floor":38},{"not_picked":["Anger","Power Through+1"],"picked":"Shrug It Off+1","floor":39},{"not_picked":["Rage+1","Clothesline","Feel No Pain"],"picked":"SKIP","floor":40},{"not_picked":["Anger+1","Flex+1"],"picked":"Shrug It Off+1","floor":44},{"not_picked":["Seeing Red+1","Iron Wave+1"],"picked":"True Grit+1","floor":45},{"not_picked":["Burning Pact+1","Feed","Twin Strike"],"picked":"SKIP","floor":46},{"not_picked":["Perfected Strike","Whirlwind+1"],"picked":"Pummel+1","floor":47},{"not_picked":["Ghostly Armor+1","Reckless Charge+1","Clash"],"picked":"SKIP","floor":48},{"not_picked":["Reckless Charge+1","Clash"],"picked":"Ghostly Armor+1","floor":48}],"player_experience":4843629,"relics_obtained":[{"floor":7.0,"key":"Blood Vial"},{"floor":9.0,"key":"Toxic Egg 2"},{"floor":14.0,"key":"MawBank"},{"floor":24.0,"key":"Self Forming Clay"},{"floor":26.0,"key":"Potion Belt"},{"floor":27,"key":"WingedGreaves"},{"floor":27,"key":"Pantograph"},{"floor":28,"key":"Art of War"},{"floor":29,"key":"Toy Ornithopter"},{"floor":39,"key":"Old Coin"},{"floor":40,"key":"Bottled Lightning"},{"floor":43,"key":"Bottled Tornado"},{"floor":44,"key":"Mercury Hourglass"},{"floor":46,"key":"MealTicket"},{"floor":48,"key":"Centennial Puzzle"}],"event_choices":[{"damage_healed":0.0,"max_hp_gain":0.0,"max_hp_loss":0.0,"gold_gain":0.0,"event_name":"Scrap Ooze","player_choice":"Success","floor":2.0,"gold_loss":0.0,"damage_taken":11.0,"relics_obtained":["Juzu Bracelet"]},{"damage_healed":0.0,"max_hp_gain":0.0,"max_hp_loss":0.0,"gold_gain":0.0,"event_name":"Shining Light","player_choice":"Entered Light","floor":4.0,"gold_loss":0.0,"damage_taken":25.0,"cards_upgraded":["Strike_R","Strike_R"]},{"cards_removed":["Strike_R"],"damage_healed":0.0,"max_hp_gain":0.0,"max_hp_loss":0.0,"gold_gain":0.0,"event_name":"Bonfire Elementals","player_choice":"Offered Basic","floor":12.0,"gold_loss":0.0,"damage_taken":0.0},{"damage_healed":0.0,"max_hp_gain":0.0,"max_hp_loss":0.0,"gold_gain":0.0,"event_name":"Drug Dealer","player_choice":"Obtain J.A.X.","floor":19.0,"gold_loss":0.0,"damage_taken":0.0,"cards_obtained":["J.A.X."]},{"damage_healed":0,"gold_gain":0,"player_choice":"Fight","damage_taken":0,"max_hp_gain":0,"max_hp_loss":0,"event_name":"Colosseum","floor":27,"gold_loss":0},{"damage_healed":0,"gold_gain":0,"player_choice":"Fought Nobs","damage_taken":0,"max_hp_gain":0,"max_hp_loss":0,"event_name":"Colosseum","floor":27,"gold_loss":0},{"damage_healed":0,"gold_gain":50,"player_choice":"Stole From Cult","damage_taken":0,"max_hp_gain":0,"max_hp_loss":0,"event_name":"Nest","floor":31,"gold_loss":0},{"damage_healed":0,"gold_gain":0,"player_choice":"Fight","damage_taken":0,"max_hp_gain":0,"max_hp_loss":0,"event_name":"Mysterious Sphere","floor":39,"gold_loss":0}],"is_beta":false,"boss_relics":[{"not_picked":["Pandora\u0027s Box","SacredBark"],"picked":"Runic Pyramid"},{"not_picked":["Mark of Pain","Empty Cage"],"picked":"Philosopher\u0027s Stone"}],"items_purged_floors":[21,30,36],"is_endless":false,"potions_floor_spawned":[1,5,14,22,27,28,29,33,37,39,40,44,46],"ascension_level":15}