{"gold_per_floor":[111,111,126,126,137,168,168,196,196,211,239,15,15,28,28,105,105,123,23,73,73,73,101,118,118,118,151,151,26,43,61,61,133,133,152,177,87,107,123,150,150,181,181,181,206,218,231,11,11,11],"floor_reached":51,"playtime":5553,"items_purged":["Pain","Strike_R","Strike_R"],"score":1335,"play_id":"f3226a4f-d397-4268-b12a-f9efe7bb877a","local_time":"20210605224327","is_ascension_mode":true,"campfire_choices":[{"data":"Bash","floor":7,"key":"SMITH"},{"data":"Juggernaut","floor":13,"key":"SMITH"},{"data":"Uppercut","floor":15,"key":"SMITH"},{"floor":25,"key":"REST"},{"data":"Metallicize","floor":28,"key":"SMITH"},{"floor":32,"key":"REST"},{"data":"True Grit","floor":41,"key":"SMITH"},{"data":"Disarm","floor":49,"key":"SMITH"}],"neow_cost":"NONE","seed_source_timestamp":46219712104400,"circlet_count":0,"master_deck":["AscendersBane","Bash+1","Headbutt","Iron Wave","Metallicize+1","Battle Trance","Juggernaut+1","Pommel Strike","Uppercut+1","Offering","Impervious","Twin Strike","Disarm+1","Warcry+1","True Grit+1","Body Slam+1","Impervious","Exhume","Power Through","Searing Blow","Limit Break","Feel No Pain","Clothesline","Blood for Blood","Shockwave+1","Disarm","Armaments+1","Rage+1","Impervious","Shrug It Off","Dropkick+1","Battle Trance"],"relics":["Burning Blood","NeowsBlessing","WarpedTongs","Tiny Chest","Unceasing Top","Letter Opener","StrikeDummy","Velvet Choker","Question Card","Mercury Hourglass","TungstenRod","Pandora\u0027s Box","Pen Nib","Gremlin Horn","Pantograph","Bottled Lightning","Vajra","Orrery"],"potions_floor_usage":[6,8,16,23,27,33,39,40,50,50],"damage_taken":[{"damage":0,"enemies":"Jaw Worm","floor":1,"turns":1},{"damage":0,"enemies":"Cultist","floor":3,"turns":1},{"damage":0,"enemies":"Small Slimes","floor":5,"turns":1},{"damage":22,"enemies":"Lagavulin","floor":6,"turns":7},{"damage":9,"enemies":"3 Sentries","floor":8,"turns":10},{"damage":9,"enemies":"Looter","floor":10,"turns":3},{"damage":15,"enemies":"Lagavulin","floor":11,"turns":7},{"damage":8,"enemies":"Lots of Slimes","floor":14,"turns":3},{"damage":26,"enemies":"The Guardian","floor":16,"turns":10},{"damage":11,"enemies":"3 Byrds","floor":18,"turns":4},{"damage":22,"enemies":"Book of Stabbing","floor":23,"turns":4},{"damage":0,"enemies":"Chosen","floor":24,"turns":3},{"damage":11,"enemies":"Slavers","floor":27,"turns":5},{"damage":0,"enemies":"Centurion and Healer","floor":30,"turns":4},{"damage":16,"enemies":"Sentry and Sphere","floor":31,"turns":4},{"damage":50,"enemies":"Collector","floor":33,"turns":9},{"damage":5,"enemies":"Orb Walker","floor":35,"turns":3},{"damage":0,"enemies":"3 Darklings","floor":38,"turns":6},{"damage":9,"enemies":"Spire Growth","floor":39,"turns":5},{"damage":9,"enemies":"Reptomancer","floor":40,"turns":7},{"damage":35,"enemies":"Nemesis","floor":42,"turns":7},{"damage":5,"enemies":"Sphere and 2 Shapes","floor":46,"turns":5},{"damage":0,"enemies":"4 Shapes","floor":47,"turns":6},{"damage":5,"enemies":"Awakened One","floor":50,"turns":11}],"seed_played":"-8320313649027992016","potions_obtained":[{"floor":5,"key":"DistilledChaos"},{"floor":6,"key":"HeartOfIron"},{"floor":10,"key":"BlessingOfTheForge"},{"floor":11,"key":"Ancient Potion"},{"floor":14,"key":"Fire Potion"},{"floor":24,"key":"Swift Potion"},{"floor":31,"key":"SkillPotion"},{"floor":39,"key":"SkillPotion"},{"floor":46,"key":"HeartOfIron"},{"floor":47,"key":"BloodPotion"}],"is_trial":false,"path_per_floor":["M","?","M","?","M","E","R","E","T","M","E","$","R","M","R","B",null,"M","$","?","?","?","E","M","R","T","E","R","$","M","M","R","B",null,"M","T","$","M","M","E","R","E","T","?","T","M","M","$","R","B",null],"character_chosen":"IRONCLAD","items_purchased":["Offering","Disarm","Block Potion","Impervious","Orrery"],"campfire_rested":2,"item_purchase_floors":[12,37,37,48,48],"current_hp_per_floor":[74,74,75,75,75,59,59,56,56,53,44,44,44,42,42,22,62,57,57,57,57,46,30,36,58,58,53,53,53,59,49,71,27,63,64,64,64,70,67,64,64,35,35,35,35,36,42,42,42,75],"gold":11,"neow_bonus":"THREE_ENEMY_KILL","is_prod":false,"is_daily":false,"chose_seed":false,"campfire_upgraded":6,"win_rate":0,"timestamp":1622958207,"path_taken":["M","?","?","?","?","E","R","E","T","M","E","$","R","M","R","BOSS","M","$","?","?","?","E","M","R","T","E","R","$","M","M","R","BOSS","M","?","$","M","M","E","R","E","T","?","?","M","?","$","R","BOSS"],"build_version":"2020-12-22","purchased_purges":3,"victory":true,"max_hp_per_floor":[75,75,75,75,75,75,75,75,75,75,75,75,75,75,75,75,75,75,75,75,75,75,75,75,75,75,75,75,75,75,75,75,75,75,75,75,75,75,75,75,75,75,75,75,75,75,75,75,75,75],"card_choices":[{"not_picked":["Flex","Twin Strike"],"picked":"Headbutt","floor":1},{"not_picked":["Thunderclap","Flex"],"picked":"Iron Wave","floor":3},{"not_picked":["Shrug It Off","Seeing Red"],"picked":"Metallicize","floor":5},{"not_picked":["Iron Wave","Sever Soul"],"picked":"Battle Trance","floor":6},{"not_picked":["Clothesline","Havoc"],"picked":"Juggernaut","floor":8},{"not_picked":["Evolve","Battle Trance"],"picked":"Pommel Strike","floor":10},{"not_picked":["Sword Boomerang","True Grit"],"picked":"Uppercut","floor":11},{"not_picked":["Pommel Strike","Thunderclap","Entrench"],"picked":"SKIP","floor":14},{"not_picked":["Reaper","Double Tap"],"picked":"Impervious","floor":16},{"not_picked":["Clothesline","Rupture","Sever Soul"],"picked":"SKIP","floor":18},{"not_picked":["Bloodletting","Blood for Blood"],"picked":"Twin Strike","floor":23},{"not_picked":["Anger","Heavy Blade","Clothesline"],"picked":"Disarm","floor":24},{"not_picked":["Clash","Pommel Strike","Evolve"],"picked":"Warcry+1","floor":27},{"not_picked":["Sword Boomerang","Hemokinesis","Headbutt"],"picked":"True Grit","floor":30},{"not_picked":["Anger","Battle Trance","Inflame"],"picked":"Body Slam+1","floor":31},{"not_picked":["Fiend Fire","Brutality","Limit Break"],"picked":"Impervious","floor":33},{"not_picked":["Rampage","Blood for Blood","Armaments"],"picked":"Shockwave+1","floor":35},{"not_picked":["Carnage","Rupture","Warcry","Perfected Strike+1"],"picked":"SKIP","floor":38},{"not_picked":["Carnage","Rupture","Warcry","Perfected Strike+1"],"picked":"SKIP","floor":38},{"not_picked":["Whirlwind","Headbutt","Rupture"],"picked":"Armaments+1","floor":39},{"not_picked":["Ghostly Armor","Reckless Charge+1","Evolve"],"picked":"Rage+1","floor":40},{"not_picked":["Limit Break","True Grit","Searing Blow","Sword Boomerang"],"picked":"SKIP","floor":42},{"not_picked":["Havoc","Anger+1","Intimidate","Heavy Blade+1"],"picked":"SKIP","floor":46},{"not_picked":["Cleave+1","True Grit","Perfected Strike","Armaments"],"picked":"SKIP","floor":47},{"not_picked":["Shockwave","Feel No Pain","Entrench"],"picked":"Shrug It Off","floor":48},{"not_picked":["Havoc","Thunderclap","True Grit"],"picked":"Dropkick+1","floor":48},{"not_picked":["Twin Strike","Rupture","Body Slam"],"picked":"Battle Trance","floor":48}],"player_experience":4847803,"relics_obtained":[{"floor":6,"key":"Tiny Chest"},{"floor":8,"key":"Unceasing Top"},{"floor":9,"key":"Letter Opener"},{"floor":11,"key":"StrikeDummy"},{"floor":23,"key":"Question Card"},{"floor":26,"key":"Mercury Hourglass"},{"floor":27,"key":"TungstenRod"},{"floor":36,"key":"Pen Nib"},{"floor":40,"key":"Gremlin Horn"},{"floor":42,"key":"Pantograph"},{"floor":43,"key":"Bottled Lightning"},{"floor":45,"key":"Vajra"}],"event_choices":[{"damage_healed":0,"gold_gain":0,"player_choice":"Rummage","damage_taken":0,"relics_obtained":["WarpedTongs"],"max_hp_gain":0,"max_hp_loss":0,"event_name":"Accursed Blacksmith","floor":2,"gold_loss":0,"cards_obtained":["Pain"]},{"damage_healed":0,"gold_gain":0,"player_choice":"Ignored","damage_taken":0,"max_hp_gain":0,"max_hp_loss":0,"event_name":"WeMeetAgain","floor":4,"gold_loss":0},{"damage_healed":0,"gold_gain":50,"player_choice":"Stole From Cult","damage_taken":0,"max_hp_gain":0,"max_hp_loss":0,"event_name":"Nest","floor":20,"gold_loss":0},{"damage_healed":0,"gold_gain":0,"player_choice":"Ignored","damage_taken":0,"max_hp_gain":0,"max_hp_loss":0,"event_name":"The Mausoleum","floor":21,"gold_loss":0},{"damage_healed":0,"gold_gain":0,"player_choice":"Damaged","damage_taken":11,"max_hp_gain":0,"max_hp_loss":0,"event_name":"Wheel of Change","floor":22,"gold_loss":0},{"damage_healed":0,"gold_gain":0,"player_choice":"Ignored","damage_taken":0,"max_hp_gain":0,"max_hp_loss":0,"event_name":"Tomb of Lord Red Mask","floor":44,"gold_loss":0}],"is_beta":false,"boss_relics":[{"not_picked":["Busted Crown","SacredBark"],"picked":"Velvet Choker"},{"not_picked":["Runic Cube","Fusion Hammer"],"picked":"Pandora\u0027s Box"}],"items_purged_floors":[12,19,29],"is_endless":false,"potions_floor_spawned":[5,6,10,11,14,24,31,39,46,47],"ascension_level":15}