{"gold_per_floor":[113,113,113,129,140,140,183,183,207,229,267,290,327,327,327,415,487,503,418,443,318,318,344,344,369,394,421,434,43,70,85,85,169,169,180,1197,541,565,565,602,628,667,692,724,758,780,807,72,72,72],"floor_reached":51,"playtime":2007,"items_purged":["Fire Breathing","Clothesline","Normality","Normality"],"score":1501,"play_id":"6739e6e7-d78e-4f30-bee2-1bbf95192f2e","local_time":"20210605142149","is_ascension_mode":true,"campfire_choices":[{"data":"Inflame","floor":6.0,"key":"SMITH"},{"data":"Shockwave","floor":8,"key":"SMITH"},{"data":"Cleave","floor":15,"key":"SMITH"},{"data":"Infernal Blade","floor":24,"key":"SMITH"},{"data":"Demon Form","floor":32,"key":"SMITH"},{"data":"Apotheosis","floor":49,"key":"SMITH"}],"neow_cost":"PERCENT_DAMAGE","seed_source_timestamp":19572561630200,"circlet_count":0,"master_deck":["AscendersBane","Bash+1","Inflame+1","Feel No Pain","Shockwave+1","Fire Breathing","Cleave+1","True Grit+1","Power Through","Feed","Anger","Second Wind","Infernal Blade+1","Carnage","Demon Form+1","Twin Strike","Sword Boomerang+1","Armaments+1","Fiend Fire+1","Shrug It Off","Apotheosis+1","Feel No Pain","Metallicize+1","Dual Wield+1","Burning Pact","Parasite","Metallicize","Shrug It Off","Sentinel+1","Feel No Pain","Finesse"],"special_seed":0,"relics":["Burning Blood","CeramicFish","Anchor","MealTicket","Centennial Puzzle","Pandora\u0027s Box","Happy Flower","Matryoshka","Ornamental Fan","Lantern","Nunchaku","Mummified Hand","Philosopher\u0027s Stone","Red Skull","Art of War","Dream Catcher","PreservedInsect","Whetstone","Strawberry","War Paint","Vajra","Bag of Preparation","Ice Cream"],"potions_floor_usage":[7,11,13,20,25,27,28,33,44,50,50],"damage_taken":[{"damage":13.0,"enemies":"Jaw Worm","floor":1.0,"turns":4.0},{"damage":0.0,"enemies":"Small Slimes","floor":4.0,"turns":3.0},{"damage":1.0,"enemies":"Cultist","floor":5.0,"turns":4.0},{"damage":15,"enemies":"Lagavulin","floor":7,"turns":7},{"damage":6,"enemies":"2 Fungi Beasts","floor":10,"turns":4},{"damage":14,"enemies":"3 Sentries","floor":11,"turns":6},{"damage":8,"enemies":"Looter","floor":12,"turns":3},{"damage":12,"enemies":"Lagavulin","floor":13,"turns":7},{"damage":53,"enemies":"Slime Boss","floor":16,"turns":10},{"damage":10,"enemies":"Spheric Guardian","floor":18,"turns":4},{"damage":5,"enemies":"2 Thieves","floor":20,"turns":4},{"damage":25,"enemies":"Slavers","floor":23,"turns":6},{"damage":10,"enemies":"Book of Stabbing","floor":25,"turns":3},{"damage":2,"enemies":"3 Cultists","floor":27,"turns":3},{"damage":18,"enemies":"Snecko","floor":28,"turns":4},{"damage":7,"enemies":"Sentry and Sphere","floor":30,"turns":5},{"damage":9,"enemies":"Snake Plant","floor":31,"turns":3},{"damage":50,"enemies":"Collector","floor":33,"turns":8},{"damage":16,"enemies":"3 Shapes","floor":35,"turns":4},{"damage":5,"enemies":"3 Darklings","floor":38,"turns":6},{"damage":0,"enemies":"Giant Head","floor":40,"turns":6},{"damage":17,"enemies":"Nemesis","floor":42,"turns":5},{"damage":40,"enemies":"Writhing Mass","floor":44,"turns":7},{"damage":1,"enemies":"Giant Head","floor":45,"turns":6},{"damage":12,"enemies":"Transient","floor":46,"turns":5},{"damage":1,"enemies":"3 Darklings","floor":47,"turns":5},{"damage":8,"enemies":"Time Eater","floor":50,"turns":11}],"seed_played":"-6836045534046879895","potions_obtained":[{"floor":1.0,"key":"AttackPotion"},{"floor":4.0,"key":"BloodPotion"},{"floor":10,"key":"DistilledChaos"},{"floor":11,"key":"Strength Potion"},{"floor":23,"key":"PowerPotion"},{"floor":27,"key":"SneckoOil"},{"floor":31,"key":"SpeedPotion"},{"floor":33,"key":"Regen Potion"},{"floor":44,"key":"BlessingOfTheForge"},{"floor":45,"key":"Ancient Potion"}],"is_trial":false,"path_per_floor":["M","?","?","M","M","R","E","R","T","M","E","M","E","?","R","B",null,"M","?","M","$","?","E","R","E","T","M","M","$","M","M","R","B",null,"M","?","$","M","?","E","T","E","T","M","E","M","M","$","R","B",null],"character_chosen":"IRONCLAD","items_purchased":["Explosive Potion","Mummified Hand","Swift Potion","Shrug It Off","Apotheosis","Red Skull","Art of War","Feel No Pain","Bag of Preparation","Ice Cream","Feel No Pain","Finesse"],"campfire_rested":0,"item_purchase_floors":[21,29,29,37,37,37,37,37,48,48,48,48],"current_hp_per_floor":[57,57,57,63,68,68,59,59,59,59,68,66,60,65,65,18,75,74,74,78,93,100,81,81,77,77,84,75,90,89,86,86,46,94,87,87,102,107,107,113,113,109,109,89,98,92,97,112,112,110],"gold":72,"neow_bonus":"TWENTY_PERCENT_HP_BONUS","is_prod":false,"is_daily":false,"chose_seed":false,"campfire_upgraded":6,"win_rate":0,"timestamp":1622928109,"path_taken":["M","?","?","M","M","R","E","R","T","M","E","?","E","?","R","BOSS","M","?","M","$","?","E","R","E","T","M","M","$","?","M","R","BOSS","M","?","$","M","?","E","?","E","T","M","E","M","M","$","R","BOSS"],"build_version":"2020-12-22","purchased_purges":4,"victory":true,"max_hp_per_floor":[89,89,89,89,89,89,89,89,89,89,89,89,89,94,94,94,94,97,97,100,100,100,100,100,100,100,103,106,106,106,106,106,110,110,113,113,113,117,117,117,117,124,124,124,128,128,128,128,128,128],"card_choices":[{"not_picked":["Second Wind","Anger"],"picked":"Inflame","floor":1.0},{"not_picked":["Clash","Infernal Blade"],"picked":"Feel No Pain","floor":4.0},{"not_picked":["Havoc","Clash","Warcry"],"picked":"SKIP","floor":5.0},{"not_picked":["Heavy Blade","Berserk"],"picked":"Shockwave","floor":7},{"not_picked":["Warcry","True Grit"],"picked":"Fire Breathing","floor":10},{"not_picked":["Armaments","Warcry"],"picked":"Cleave","floor":11},{"not_picked":["Warcry","Dual Wield"],"picked":"True Grit","floor":12},{"not_picked":["Evolve","Flex"],"picked":"Power Through","floor":13},{"not_picked":["Juggernaut","Corruption"],"picked":"Feed","floor":16},{"not_picked":["Inflame","Shockwave","Warcry"],"picked":"SKIP","floor":18},{"not_picked":["Bloodletting","Warcry"],"picked":"Twin Strike","floor":20},{"not_picked":["Flex","Carnage","Barricade"],"picked":"SKIP","floor":23},{"not_picked":["Cleave","Brutality","Flex"],"picked":"SKIP","floor":25},{"not_picked":["Havoc","Inflame"],"picked":"Sword Boomerang","floor":27},{"not_picked":["Rage","Perfected Strike","Body Slam"],"picked":"SKIP","floor":28},{"not_picked":["Flex","Heavy Blade"],"picked":"Armaments","floor":30},{"not_picked":["Anger","Double Tap","Cleave"],"picked":"SKIP","floor":31},{"not_picked":["Berserk","Bludgeon"],"picked":"Fiend Fire","floor":33},{"not_picked":["Headbutt","Perfected Strike+1","Anger"],"picked":"SKIP","floor":35},{"not_picked":["Flex","Dropkick"],"picked":"Metallicize+1","floor":38},{"not_picked":["Anger","Rage"],"picked":"Dual Wield+1","floor":40},{"not_picked":["Sever Soul","Rampage+1"],"picked":"Burning Pact","floor":42},{"not_picked":["Havoc","Inflame"],"picked":"Metallicize","floor":44},{"not_picked":["Headbutt","Combust+1","Thunderclap"],"picked":"SKIP","floor":45},{"not_picked":["Perfected Strike","Pommel Strike"],"picked":"Shrug It Off","floor":46},{"not_picked":["Rampage","Cleave"],"picked":"Sentinel+1","floor":47}],"player_experience":4845796,"relics_obtained":[{"floor":7,"key":"CeramicFish"},{"floor":9,"key":"Anchor"},{"floor":11,"key":"MealTicket"},{"floor":13,"key":"Centennial Puzzle"},{"floor":23,"key":"Matryoshka"},{"floor":25,"key":"Ornamental Fan"},{"floor":26,"key":"Lantern"},{"floor":26,"key":"Nunchaku"},{"floor":40,"key":"Dream Catcher"},{"floor":41,"key":"PreservedInsect"},{"floor":41,"key":"Whetstone"},{"floor":42,"key":"Strawberry"},{"floor":43,"key":"War Paint"},{"floor":45,"key":"Vajra"}],"event_choices":[{"damage_healed":0.0,"max_hp_gain":0.0,"max_hp_loss":0.0,"gold_gain":0.0,"event_name":"Living Wall","player_choice":"Grow","floor":2.0,"gold_loss":0.0,"damage_taken":0.0,"cards_upgraded":["Bash"]},{"cards_removed":["Strike_R"],"damage_healed":0.0,"max_hp_gain":0.0,"max_hp_loss":0.0,"gold_gain":0.0,"event_name":"Purifier","player_choice":"Purged","floor":3.0,"gold_loss":0.0,"damage_taken":0.0},{"damage_healed":0,"gold_gain":0,"player_choice":"Donut","damage_taken":0,"max_hp_gain":5,"max_hp_loss":0,"event_name":"Big Fish","floor":14,"gold_loss":0},{"damage_healed":0,"gold_gain":0,"player_choice":"Obtained Relic","damage_taken":0,"relics_obtained":["Happy Flower"],"max_hp_gain":0,"max_hp_loss":0,"event_name":"Addict","floor":19,"gold_loss":85},{"cards_removed":["Infernal Blade"],"damage_healed":7,"gold_gain":0,"player_choice":"Offered Uncommon","damage_taken":0,"max_hp_gain":0,"max_hp_loss":0,"event_name":"Bonfire Elementals","floor":22,"gold_loss":0},{"damage_healed":0,"gold_gain":999,"player_choice":"Gold","damage_taken":0,"max_hp_gain":0,"max_hp_loss":0,"event_name":"MindBloom","floor":36,"gold_loss":0,"cards_obtained":["Normality","Normality"]},{"damage_healed":0,"gold_gain":0,"player_choice":"Ignored","damage_taken":0,"max_hp_gain":0,"max_hp_loss":0,"event_name":"Tomb of Lord Red Mask","floor":39,"gold_loss":0}],"is_beta":false,"boss_relics":[{"not_picked":["Black Blood","SacredBark"],"picked":"Pandora\u0027s Box"},{"not_picked":["Tiny House","Black Star"],"picked":"Philosopher\u0027s Stone"}],"items_purged_floors":[21,29,37,48],"is_endless":false,"potions_floor_spawned":[1,4,10,11,23,27,31,33,38,44,45,46],"ascension_level":15}