{"gold_per_floor":[119,131,131,151,27,27,38,64,145,145,177,195,120,140,140,214,214,225,10,42,56,5,34,52,52,52,71,71,97,110,129,129,201,201,218,218,108,118,132,161,161,191,191,208,240,255,280,38,38,38],"floor_reached":51,"playtime":1850,"items_purged":["Strike_R"],"score":1387,"play_id":"25f86d57-eba4-432b-8469-d5900580c573","local_time":"20210608224750","is_ascension_mode":true,"campfire_choices":[{"data":"Immolate","floor":6.0,"key":"SMITH"},{"data":"Uppercut","floor":10.0,"key":"SMITH"},{"data":"Shockwave","floor":15.0,"key":"SMITH"},{"data":"Demon Form","floor":28.0,"key":"SMITH"},{"data":"Limit Break","floor":32.0,"key":"SMITH"},{"data":"Disarm","floor":41.0,"key":"SMITH"},{"floor":49,"key":"REST"}],"neow_cost":"TEN_PERCENT_HP_LOSS","seed_source_timestamp":309254369125800,"circlet_count":0,"master_deck":["AscendersBane","Strike_R+1","Strike_R","Defend_R+1","Defend_R","Defend_R","Defend_R","Bash","Limit Break+1","Uppercut+1","Immolate+1","Iron Wave","Flame Barrier","Thunderclap","Shockwave+1","Demon Form+1","Feel No Pain","Battle Trance+1","Inflame","Shrug It Off","Spot Weakness+1","Disarm+1","Heavy Blade+1","Double Tap","Whirlwind+1","Iron Wave+1","Impervious","Fiend Fire"],"special_seed":0,"relics":["Burning Blood","Champion Belt","Meat on the Bone","Bag of Preparation","Velvet Choker","Happy Flower","Red Mask","Paper Frog","Bottled Tornado","The Courier","Cursed Key","War Paint","Incense Burner","Ornamental Fan","Charon\u0027s Ashes"],"potions_floor_usage":[50,50],"damage_taken":[{"damage":7.0,"enemies":"2 Louse","floor":1.0,"turns":3.0},{"damage":8.0,"enemies":"Cultist","floor":2.0,"turns":4.0},{"damage":13.0,"enemies":"Small Slimes","floor":4.0,"turns":3.0},{"damage":0.0,"enemies":"3 Louse","floor":7.0,"turns":2.0},{"damage":15.0,"enemies":"Gremlin Nob","floor":8.0,"turns":4.0},{"damage":25.0,"enemies":"Lagavulin","floor":11.0,"turns":4.0},{"damage":16.0,"enemies":"Red Slaver","floor":12.0,"turns":4.0},{"damage":3.0,"enemies":"2 Fungi Beasts","floor":14.0,"turns":3.0},{"damage":31.0,"enemies":"Slime Boss","floor":16.0,"turns":9.0},{"damage":6.0,"enemies":"3 Byrds","floor":18.0,"turns":4.0},{"damage":0.0,"enemies":"Masked Bandits","floor":20.0,"turns":2.0},{"damage":13.0,"enemies":"Spheric Guardian","floor":21.0,"turns":5.0},{"damage":3.0,"enemies":"Gremlin Leader","floor":23.0,"turns":6.0},{"damage":6.0,"enemies":"Snake Plant","floor":24.0,"turns":4.0},{"damage":4.0,"enemies":"Centurion and Healer","floor":27.0,"turns":5.0},{"damage":4.0,"enemies":"Book of Stabbing","floor":29.0,"turns":5.0},{"damage":0.0,"enemies":"3 Cultists","floor":30.0,"turns":2.0},{"damage":8.0,"enemies":"Snake Plant","floor":31.0,"turns":4.0},{"damage":18.0,"enemies":"Champ","floor":33.0,"turns":7.0},{"damage":5.0,"enemies":"3 Shapes","floor":35.0,"turns":3.0},{"damage":8.0,"enemies":"3 Darklings","floor":38.0,"turns":3.0},{"damage":3.0,"enemies":"Maw","floor":39.0,"turns":6.0},{"damage":12.0,"enemies":"Giant Head","floor":40.0,"turns":6.0},{"damage":39.0,"enemies":"Reptomancer","floor":42.0,"turns":7.0},{"damage":14,"enemies":"Writhing Mass","floor":44,"turns":5},{"damage":20,"enemies":"Nemesis","floor":45,"turns":5},{"damage":0,"enemies":"4 Shapes","floor":46,"turns":3},{"damage":4,"enemies":"Mind Bloom Boss Battle","floor":47,"turns":5},{"damage":53,"enemies":"Donu and Deca","floor":50,"turns":6}],"seed_played":"8396576922254027110","potions_obtained":[{"floor":8.0,"key":"SkillPotion"},{"floor":12.0,"key":"Ancient Potion"},{"floor":14.0,"key":"Dexterity Potion"},{"floor":24.0,"key":"SkillPotion"},{"floor":27.0,"key":"Swift Potion"},{"floor":42.0,"key":"SteroidPotion"},{"floor":45,"key":"SkillPotion"}],"is_trial":false,"path_per_floor":["M","M","?","M","$","R","M","E","T","R","E","M","?","M","R","B",null,"M","$","?","M","$","E","M","?","T","M","R","E","M","M","R","B",null,"M","?","?","M","M","E","R","E","T","M","E","M","?","$","R","B",null],"character_chosen":"IRONCLAD","items_purchased":["AttackPotion","Battle Trance","Happy Flower","Shrug It Off","Impervious","Fiend Fire"],"campfire_rested":1,"item_purchase_floors":[5,19,19,22,48,48],"current_hp_per_floor":[67,65,65,58,58,58,64,55,55,55,48,50,50,53,53,40,61,61,61,67,60,60,63,63,63,63,65,65,67,68,66,66,54,65,66,65,65,63,65,59,59,38,38,42,40,46,48,48,65,30],"gold":38,"neow_bonus":"THREE_RARE_CARDS","is_prod":false,"is_daily":false,"chose_seed":false,"campfire_upgraded":6,"win_rate":0,"timestamp":1623217670,"path_taken":["M","M","?","M","$","R","M","E","T","R","E","?","?","M","R","BOSS","M","$","?","M","$","E","M","?","T","M","R","E","M","?","R","BOSS","M","?","?","M","M","E","R","E","T","?","E","M","?","$","R","BOSS"],"build_version":"2020-12-22","purchased_purges":1,"victory":true,"max_hp_per_floor":[68,68,68,68,68,68,68,68,68,68,68,68,68,68,68,68,68,68,68,68,68,68,68,68,68,68,68,68,68,68,68,68,68,68,68,65,65,65,65,65,65,65,65,65,65,65,65,65,65,65],"card_choices":[{"not_picked":["Juggernaut","Brutality"],"picked":"Limit Break","floor":0.0},{"not_picked":["Headbutt","Sword Boomerang"],"picked":"Uppercut","floor":1.0},{"not_picked":["Entrench","Perfected Strike","Infernal Blade"],"picked":"SKIP","floor":2.0},{"not_picked":["Wild Strike","Havoc"],"picked":"Iron Wave","floor":4.0},{"not_picked":["Clash","Sever Soul","Perfected Strike"],"picked":"SKIP","floor":7.0},{"not_picked":["Ghostly Armor","Double Tap"],"picked":"Flame Barrier","floor":8.0},{"not_picked":["Pummel","Flame Barrier","Armaments"],"picked":"SKIP","floor":11.0},{"not_picked":["Perfected Strike","Heavy Blade"],"picked":"Thunderclap","floor":12.0},{"not_picked":["Disarm","Ghostly Armor"],"picked":"Shockwave","floor":14.0},{"not_picked":["Double Tap","Corruption"],"picked":"Demon Form","floor":16.0},{"not_picked":["Cleave","Havoc"],"picked":"Feel No Pain","floor":18.0},{"not_picked":["Fire Breathing+1","Pommel Strike"],"picked":"Inflame","floor":20.0},{"not_picked":["Headbutt","Warcry","Carnage"],"picked":"SKIP","floor":21.0},{"not_picked":["Whirlwind","Double Tap","Rampage"],"picked":"SKIP","floor":23.0},{"not_picked":["Clash","Second Wind"],"picked":"Spot Weakness+1","floor":24.0},{"not_picked":["Flex+1","Warcry","Seeing Red"],"picked":"SKIP","floor":27.0},{"not_picked":["Spot Weakness","Sever Soul"],"picked":"Disarm","floor":29.0},{"not_picked":["Havoc","True Grit+1"],"picked":"Heavy Blade+1","floor":30.0},{"not_picked":["Armaments","Flex","Bloodletting"],"picked":"SKIP","floor":31.0},{"not_picked":["Limit Break","Barricade"],"picked":"Double Tap","floor":33.0},{"not_picked":["Armaments","Combust+1","Clothesline"],"picked":"SKIP","floor":35.0},{"not_picked":["Clash","Dual Wield","Heavy Blade"],"picked":"SKIP","floor":38.0},{"not_picked":["Clothesline+1","Rage","Cleave"],"picked":"SKIP","floor":39.0},{"not_picked":["Warcry","Barricade","Anger"],"picked":"SKIP","floor":40.0},{"not_picked":["Inflame","Combust","Havoc+1"],"picked":"SKIP","floor":42.0},{"not_picked":["Anger","Body Slam+1","Armaments"],"picked":"SKIP","floor":44},{"not_picked":["Body Slam","Evolve","Warcry"],"picked":"SKIP","floor":45},{"not_picked":["Cleave","Searing Blow"],"picked":"Whirlwind+1","floor":46},{"not_picked":["Headbutt+1","Searing Blow+1"],"picked":"Iron Wave+1","floor":47}],"player_experience":4867126,"relics_obtained":[{"floor":8.0,"key":"Champion Belt"},{"floor":9.0,"key":"Meat on the Bone"},{"floor":11.0,"key":"Bag of Preparation"},{"floor":20.0,"key":"Red Mask"},{"floor":23.0,"key":"Paper Frog"},{"floor":26.0,"key":"Bottled Tornado"},{"floor":29.0,"key":"The Courier"},{"floor":40.0,"key":"War Paint"},{"floor":42.0,"key":"Incense Burner"},{"floor":45,"key":"Ornamental Fan"},{"floor":47,"key":"Charon\u0027s Ashes"}],"event_choices":[{"damage_healed":0.0,"max_hp_gain":0.0,"max_hp_loss":0.0,"gold_gain":0.0,"event_name":"Match and Keep!","player_choice":"1 cards matched","floor":3.0,"gold_loss":0.0,"damage_taken":0.0,"cards_obtained":["Immolate"]},{"cards_removed":["Strike_R"],"damage_healed":0.0,"max_hp_gain":0.0,"max_hp_loss":0.0,"gold_gain":0.0,"event_name":"The Cleric","player_choice":"Card Removal","floor":13.0,"gold_loss":75.0,"damage_taken":0.0},{"damage_healed":0.0,"max_hp_gain":0.0,"max_hp_loss":0.0,"gold_gain":0.0,"event_name":"Masked Bandits","player_choice":"Fought Bandits","floor":20.0,"gold_loss":0.0,"damage_taken":0.0},{"damage_healed":0.0,"max_hp_gain":0.0,"max_hp_loss":0.0,"gold_gain":0.0,"event_name":"Lab","player_choice":"Got Potions","floor":25.0,"gold_loss":0.0,"damage_taken":0.0},{"damage_healed":0.0,"max_hp_gain":0.0,"max_hp_loss":3.0,"gold_gain":0.0,"event_name":"Winding Halls","player_choice":"Max HP","floor":36.0,"gold_loss":0.0,"damage_taken":0.0},{"cards_removed":["Strike_R"],"damage_healed":0.0,"max_hp_gain":0.0,"max_hp_loss":0.0,"gold_gain":0.0,"event_name":"Designer","player_choice":"Upgrade and Remove","floor":37.0,"gold_loss":110.0,"damage_taken":0.0,"cards_upgraded":["Strike_R"]},{"damage_healed":0,"gold_gain":0,"player_choice":"Fight","damage_taken":0,"max_hp_gain":0,"max_hp_loss":0,"event_name":"MindBloom","floor":47,"gold_loss":0}],"is_beta":false,"boss_relics":[{"not_picked":["Busted Crown","SlaversCollar"],"picked":"Velvet Choker"},{"not_picked":["Runic Cube","SacredBark"],"picked":"Cursed Key"}],"items_purged_floors":[5],"is_endless":false,"potions_floor_spawned":[8,12,14,24,27,29,30,35,42,44,45],"ascension_level":15}