{"gold_per_floor":[109,125,139,159,124,124,141,176,176,208,208,208,248,248,248,338,338,354,229,242,242,261,261,304,11,11,39,39,86,114,147,147,249,249,282,306,109,159,96,139,139,183,183,217,31,78,74,74,74,74],"floor_reached":51,"playtime":2440,"items_purged":["Strike_P","Pain","Strike_P","Strike_P"],"score":1824,"play_id":"ed82165f-38ec-4838-b0ed-5c69285c767d","local_time":"20210110142729","is_ascension_mode":true,"campfire_choices":[{"data":"Eruption","floor":6.0,"key":"SMITH"},{"floor":11.0,"key":"REST"},{"data":"TalkToTheHand","floor":15.0,"key":"SMITH"},{"data":"CutThroughFate","floor":23.0,"key":"SMITH"},{"data":"TalkToTheHand","floor":28.0,"key":"SMITH"},{"data":"TalkToTheHand","floor":32.0,"key":"SMITH"},{"data":"Wish","floor":41.0,"key":"SMITH"},{"data":"WaveOfTheHand","floor":49,"key":"SMITH"}],"neow_cost":"NONE","seed_source_timestamp":0,"circlet_count":0,"master_deck":["AscendersBane","Strike_P","Defend_P","Defend_P","Defend_P","Defend_P","Eruption+1","Vigilance","EmptyBody","CutThroughFate+1","ThirdEye","CutThroughFate","Consecrate","ReachHeaven","FollowUp","TalkToTheHand+1","DeusExMachina","FlurryOfBlows","Weave","CrushJoints+1","CarveReality","TalkToTheHand+1","Vault","ThirdEye+1","TalkToTheHand+1","Wallop","CutThroughFate","Wish+1","Protect+1","Evaluate+1","TalkToTheHand+1","Apotheosis","WaveOfTheHand+1","Scrawl","Weave+1","CutThroughFate"],"special_seed":0,"relics":["PureWater","Question Card","Boot","Vajra","Golden Idol","Pear","HornCleat","Coffee Dripper","WarpedTongs","Bottled Flame","Membership Card","CeramicFish","TeardropLocket","SlaversCollar","DollysMirror","Bronze Scales","Du-Vu Doll","Calipers","Mummified Hand","Shuriken"],"potions_floor_usage":[50,50],"damage_taken":[{"damage":0.0,"enemies":"2 Louse","floor":1.0,"turns":2.0},{"damage":2.0,"enemies":"Jaw Worm","floor":2.0,"turns":3.0},{"damage":0.0,"enemies":"Cultist","floor":3.0,"turns":4.0},{"damage":12.0,"enemies":"Gremlin Gang","floor":4.0,"turns":5.0},{"damage":11.0,"enemies":"Exordium Thugs","floor":7.0,"turns":7.0},{"damage":24.0,"enemies":"Lagavulin","floor":8.0,"turns":9.0},{"damage":7.0,"enemies":"3 Sentries","floor":10.0,"turns":6.0},{"damage":2.0,"enemies":"Lagavulin","floor":13.0,"turns":6.0},{"damage":41.0,"enemies":"Hexaghost","floor":16.0,"turns":8.0},{"damage":2.0,"enemies":"Chosen","floor":18.0,"turns":3.0},{"damage":0.0,"enemies":"Spheric Guardian","floor":20.0,"turns":1.0},{"damage":1.0,"enemies":"Cultist and Chosen","floor":22.0,"turns":4.0},{"damage":4.0,"enemies":"Gremlin Leader","floor":24.0,"turns":5.0},{"damage":5.0,"enemies":"Shelled Parasite and Fungi","floor":27.0,"turns":4.0},{"damage":6.0,"enemies":"Slavers","floor":29.0,"turns":4.0},{"damage":0.0,"enemies":"Centurion and Healer","floor":30.0,"turns":4.0},{"damage":0.0,"enemies":"Snake Plant","floor":31.0,"turns":2.0},{"damage":8.0,"enemies":"Champ","floor":33.0,"turns":9.0},{"damage":14.0,"enemies":"3 Darklings","floor":35.0,"turns":4.0},{"damage":30.0,"enemies":"3 Shapes","floor":36.0,"turns":6.0},{"damage":0.0,"enemies":"Giant Head","floor":40.0,"turns":5.0},{"damage":3.0,"enemies":"Nemesis","floor":42.0,"turns":6.0},{"damage":0.0,"enemies":"Reptomancer","floor":44.0,"turns":4.0},{"damage":0.0,"enemies":"Nemesis","floor":46.0,"turns":4.0},{"damage":0,"enemies":"Donu and Deca","floor":50,"turns":6}],"seed_played":"1525508425060567198","potions_obtained":[{"floor":2.0,"key":"Ancient Potion"},{"floor":7.0,"key":"BlessingOfTheForge"},{"floor":10.0,"key":"SkillPotion"},{"floor":16.0,"key":"Swift Potion"},{"floor":20.0,"key":"LiquidBronze"},{"floor":29.0,"key":"SteroidPotion"},{"floor":33.0,"key":"FearPotion"},{"floor":44.0,"key":"PowerPotion"}],"is_trial":false,"path_per_floor":["M","M","M","M","?","R","M","E","T","E","R","?","E","T","R","B",null,"M","$","M","?","M","R","E","$","T","M","R","E","M","M","R","B",null,"M","M","$","?","$","E","R","E","T","E","$","E","$","?","R","B",null],"character_chosen":"WATCHER","items_purchased":["Fire Potion","Membership Card","TalkToTheHand","Vault","FearPotion","DollysMirror","Apotheosis","Regen Potion","Scrawl","CutThroughFate"],"campfire_rested":1,"item_purchase_floors":[19,25,25,25,25,37,37,45,45,47],"current_hp_per_floor":[67,65,65,53,71,71,60,36,36,29,51,51,59,59,59,18,62,60,60,60,60,59,59,55,55,55,50,50,44,44,44,44,36,67,53,23,23,23,23,23,23,20,20,20,20,20,20,20,20,35],"gold":74,"neow_bonus":"TEN_PERCENT_HP_BONUS","is_prod":false,"is_daily":false,"chose_seed":false,"campfire_upgraded":7,"win_rate":0,"timestamp":1610317649,"path_taken":["M","M","M","M","?","R","M","E","T","E","R","?","E","?","R","BOSS","M","$","M","?","M","R","E","?","T","M","R","E","M","?","R","BOSS","M","M","$","?","?","E","R","E","T","E","$","E","$","?","R","BOSS"],"build_version":"2020-12-22","purchased_purges":4,"victory":true,"max_hp_per_floor":[74,74,74,74,74,74,74,74,74,74,74,67,77,77,77,77,77,77,77,77,77,77,77,77,77,77,77,77,77,77,77,77,77,77,77,77,77,77,77,77,77,77,77,77,77,77,77,77,77,77],"card_choices":[{"not_picked":["JustLucky","PathToVictory"],"picked":"EmptyBody","floor":1.0},{"not_picked":["Halt","PathToVictory"],"picked":"CutThroughFate","floor":2.0},{"not_picked":["Devotion","Prostrate"],"picked":"ThirdEye","floor":3.0},{"not_picked":["PathToVictory","Meditate"],"picked":"CutThroughFate","floor":4.0},{"not_picked":["Adaptation","Crescendo"],"picked":"Consecrate","floor":7.0},{"not_picked":["WaveOfTheHand","Evaluate"],"picked":"ReachHeaven","floor":8.0},{"not_picked":["ReachHeaven","PathToVictory","Collect"],"picked":"FollowUp","floor":10.0},{"not_picked":["Vault","Swivel","Perseverance"],"picked":"TalkToTheHand","floor":13.0},{"not_picked":["Wish","Ragnarok","Omniscience"],"picked":"DeusExMachina","floor":16.0},{"not_picked":["Conclude","WaveOfTheHand","Fasting2"],"picked":"FlurryOfBlows","floor":18.0},{"not_picked":["Prostrate","EmptyBody","Consecrate"],"picked":"Weave","floor":20.0},{"not_picked":["Evaluate+1","FlurryOfBlows","Indignation"],"picked":"CrushJoints+1","floor":22.0},{"not_picked":["CrushJoints","PathToVictory","Study"],"picked":"CarveReality","floor":24.0},{"not_picked":["ClearTheMind","Crescendo","BowlingBash"],"picked":"ThirdEye+1","floor":27.0},{"not_picked":["ClearTheMind","SashWhip","Weave"],"picked":"TalkToTheHand","floor":29.0},{"not_picked":["CutThroughFate","Sanctity","Protect"],"picked":"Wallop","floor":30.0},{"not_picked":["SashWhip","Halt","ConjureBlade"],"picked":"CutThroughFate","floor":31.0},{"not_picked":["Alpha","Vault","ConjureBlade"],"picked":"Wish","floor":33.0},{"not_picked":["Fasting2","Collect","CrushJoints"],"picked":"Protect+1","floor":35.0},{"not_picked":["FlurryOfBlows","Sanctity","Study"],"picked":"Evaluate+1","floor":36.0},{"not_picked":["LikeWater","Prostrate","Fasting2","SandsOfTime"],"picked":"SKIP","floor":40.0},{"not_picked":["Indignation","Consecrate","Worship"],"picked":"WaveOfTheHand","floor":42.0},{"not_picked":["Fasting2","SashWhip+1","EmptyFist","Protect"],"picked":"SKIP","floor":44.0},{"not_picked":["BowlingBash+1","CarveReality","Blasphemy"],"picked":"Weave+1","floor":46.0}],"player_experience":4686342,"relics_obtained":[{"floor":8.0,"key":"Question Card"},{"floor":9.0,"key":"Boot"},{"floor":10.0,"key":"Vajra"},{"floor":13.0,"key":"Pear"},{"floor":14.0,"key":"HornCleat"},{"floor":24.0,"key":"Bottled Flame"},{"floor":26.0,"key":"CeramicFish"},{"floor":29.0,"key":"TeardropLocket"},{"floor":40.0,"key":"Bronze Scales"},{"floor":42.0,"key":"Du-Vu Doll"},{"floor":43.0,"key":"Calipers"},{"floor":44.0,"key":"Mummified Hand"},{"floor":46.0,"key":"Shuriken"}],"event_choices":[{"damage_healed":18.0,"max_hp_gain":0.0,"max_hp_loss":0.0,"gold_gain":0.0,"event_name":"The Cleric","player_choice":"Healed","floor":5.0,"gold_loss":35.0,"damage_taken":0.0},{"damage_healed":0.0,"max_hp_gain":0.0,"max_hp_loss":7.0,"gold_gain":0.0,"event_name":"Golden Idol","player_choice":"Lose Max HP","floor":12.0,"gold_loss":0.0,"damage_taken":0.0,"relics_obtained":["Golden Idol"]},{"damage_healed":0.0,"max_hp_gain":0.0,"max_hp_loss":0.0,"gold_gain":0.0,"event_name":"Accursed Blacksmith","player_choice":"Rummage","floor":21.0,"gold_loss":0.0,"damage_taken":0.0,"relics_obtained":["WarpedTongs"],"cards_obtained":["Pain"]},{"damage_healed":0.0,"max_hp_gain":0.0,"max_hp_loss":0.0,"gold_gain":50.0,"event_name":"Golden Shrine","player_choice":"Pray","floor":38.0,"gold_loss":0.0,"damage_taken":0.0},{"damage_healed":0,"gold_gain":0,"player_choice":"Ignored","damage_taken":0,"max_hp_gain":0,"max_hp_loss":0,"event_name":"Mysterious Sphere","floor":48,"gold_loss":0}],"is_beta":false,"boss_relics":[{"not_picked":["Ectoplasm","Runic Dome"],"picked":"Coffee Dripper"},{"not_picked":["VioletLotus","SacredBark"],"picked":"SlaversCollar"}],"items_purged_floors":[19,37,39,45],"is_endless":false,"potions_floor_spawned":[2,7,10,16,20,27,29,33,44],"ascension_level":15}