{"gold_per_floor":[362,380,394,409,422,422,441,468,543,389,464,478,506,260,260,336,336,355,355,374,391,391,391,421,435,458,477,201,233,158,171,171,245,245,263,263,263,25,38,55,84,84,84,36,53,88,88,138,138,138],"floor_reached":51,"playtime":2859,"items_purged":["Strike_P","Strike_P","Strike_P"],"score":1510,"play_id":"5444ccc9-22b0-418b-8826-88647ca601b9","local_time":"20210124172644","is_ascension_mode":true,"campfire_choices":[{"data":"TalkToTheHand","floor":6.0,"key":"SMITH"},{"data":"TalkToTheHand","floor":15.0,"key":"SMITH"},{"data":"Eruption","floor":23.0,"key":"SMITH"},{"floor":32.0,"key":"DIG"},{"floor":42,"key":"DIG"},{"data":"Tantrum","floor":47,"key":"SMITH"},{"floor":49,"key":"REST"}],"neow_cost":"PERCENT_DAMAGE","seed_source_timestamp":894589403755100,"circlet_count":0,"master_deck":["AscendersBane","Defend_P","Defend_P","Defend_P","Defend_P","Eruption+1","Vigilance","Consecrate","FlurryOfBlows","TalkToTheHand+1","FearNoEvil+1","Protect","WheelKick","TalkToTheHand+1","Meditate+1","SpiritShield+1","Vault+1","EmptyBody+1","Indignation+1","WaveOfTheHand+1","SandsOfTime+1","Omniscience+1","EmptyMind+1","Crescendo+1","Halt+1","Evaluate+1","SpiritShield+1","Enlightenment+1","ThirdEye+1","Tantrum+1","MentalFortress+1"],"special_seed":0,"relics":["HolyWater","Shovel","Toxic Egg 2","Omamori","Lee\u0027s Waffle","SlaversCollar","Calipers","Whetstone","Anchor","Juzu Bracelet","Bottled Lightning","Ornamental Fan","Boot","GoldenEye","Frozen Egg 2","Mummified Hand","Ginger"],"potions_floor_usage":[41,50,50],"damage_taken":[{"damage":1.0,"enemies":"Cultist","floor":1.0,"turns":3.0},{"damage":1.0,"enemies":"Small Slimes","floor":2.0,"turns":4.0},{"damage":2.0,"enemies":"2 Louse","floor":3.0,"turns":2.0},{"damage":3.0,"enemies":"Looter","floor":4.0,"turns":4.0},{"damage":0.0,"enemies":"Blue Slaver","floor":5.0,"turns":1.0},{"damage":0.0,"enemies":"Large Slime","floor":7.0,"turns":3.0},{"damage":3.0,"enemies":"Lagavulin","floor":8.0,"turns":8.0},{"damage":6.0,"enemies":"Gremlin Gang","floor":12.0,"turns":3.0},{"damage":0.0,"enemies":"Gremlin Nob","floor":13.0,"turns":3.0},{"damage":31.0,"enemies":"The Guardian","floor":16.0,"turns":13.0},{"damage":0.0,"enemies":"2 Thieves","floor":18.0,"turns":4.0},{"damage":3.0,"enemies":"Spheric Guardian","floor":20.0,"turns":5.0},{"damage":0.0,"enemies":"3 Cultists","floor":21.0,"turns":5.0},{"damage":10.0,"enemies":"Book of Stabbing","floor":24.0,"turns":7.0},{"damage":0.0,"enemies":"Centurion and Healer","floor":25.0,"turns":6.0},{"damage":4.0,"enemies":"Snecko","floor":27.0,"turns":7.0},{"damage":0.0,"enemies":"Gremlin Leader","floor":29.0,"turns":4.0},{"damage":9.0,"enemies":"Snake Plant","floor":31.0,"turns":6.0},{"damage":0.0,"enemies":"Champ","floor":33.0,"turns":15.0},{"damage":0.0,"enemies":"3 Shapes","floor":35.0,"turns":7.0},{"damage":7.0,"enemies":"3 Darklings","floor":39.0,"turns":7.0},{"damage":1.0,"enemies":"Transient","floor":40.0,"turns":5.0},{"damage":8,"enemies":"Reptomancer","floor":41,"turns":7},{"damage":9,"enemies":"4 Shapes","floor":45,"turns":12},{"damage":0,"enemies":"Nemesis","floor":46,"turns":6},{"damage":0,"enemies":"2 Orb Walkers","floor":48,"turns":4},{"damage":51,"enemies":"Time Eater","floor":50,"turns":18}],"seed_played":"-6596489413963389041","potions_obtained":[{"floor":2.0,"key":"Energy Potion"},{"floor":5.0,"key":"SmokeBomb"},{"floor":12.0,"key":"Explosive Potion"},{"floor":13.0,"key":"Explosive Potion"},{"floor":16.0,"key":"Strength Potion"},{"floor":21.0,"key":"SpeedPotion"},{"floor":27.0,"key":"AttackPotion"},{"floor":31.0,"key":"Regen Potion"},{"floor":40.0,"key":"FearPotion"}],"is_trial":false,"path_per_floor":["M","M","M","M","M","R","M","E","T","$","?","M","E","$","R","B",null,"M","?","M","M","?","R","E","M","T","M","$","E","?","M","R","B",null,"M","?","?","$","M","M","E","R","T","$","M","E","R","?","R","B",null],"character_chosen":"WATCHER","items_purchased":["TalkToTheHand","Lee\u0027s Waffle","Anchor","Ornamental Fan","SteroidPotion"],"campfire_rested":1,"item_purchase_floors":[10,14,28,38,44],"current_hp_per_floor":[42,41,39,36,36,36,36,33,33,33,22,16,16,75,75,44,67,67,67,64,64,64,64,54,54,54,50,50,50,50,41,41,56,70,70,75,75,75,68,67,59,59,59,59,50,50,50,50,72,21],"gold":138,"neow_bonus":"TWO_FIFTY_GOLD","is_prod":false,"is_daily":false,"chose_seed":false,"campfire_upgraded":4,"win_rate":0,"timestamp":1611538004,"path_taken":["M","?","M","M","M","R","M","E","T","$","?","M","E","$","R","BOSS","M","?","M","M","?","R","E","M","T","M","$","E","?","M","R","BOSS","M","?","?","$","M","M","E","R","T","$","M","E","R","?","R","BOSS"],"build_version":"2020-12-22","purchased_purges":3,"victory":true,"max_hp_per_floor":[68,68,68,68,68,68,68,68,68,68,68,68,68,75,75,75,75,75,75,75,75,75,75,75,75,75,75,75,75,75,75,75,75,75,75,75,75,75,75,75,75,75,75,75,75,75,75,75,75,75],"card_choices":[{"not_picked":["Evaluate","Weave"],"picked":"Consecrate","floor":1.0},{"not_picked":["SashWhip","EmptyBody"],"picked":"FlurryOfBlows","floor":2.0},{"not_picked":["DeceiveReality","PathToVictory"],"picked":"TalkToTheHand","floor":3.0},{"not_picked":["Protect","Adaptation"],"picked":"FearNoEvil","floor":4.0},{"not_picked":["Study","Worship","Perseverance"],"picked":"SKIP","floor":5.0},{"not_picked":["FlyingSleeves","Crescendo"],"picked":"Protect","floor":7.0},{"not_picked":["FollowUp","EmptyFist"],"picked":"WheelKick","floor":8.0},{"not_picked":["Crescendo+1","FlurryOfBlows"],"picked":"Meditate+1","floor":12.0},{"not_picked":["EmptyBody+1","PathToVictory+1"],"picked":"SpiritShield+1","floor":13.0},{"not_picked":["Omniscience+1","ConjureBlade+1"],"picked":"Vault+1","floor":16.0},{"not_picked":["EmptyFist","FollowUp"],"picked":"EmptyBody+1","floor":18.0},{"not_picked":["Sanctity+1","PathToVictory+1"],"picked":"Indignation+1","floor":20.0},{"not_picked":["Pray+1","LikeWater"],"picked":"WaveOfTheHand+1","floor":21.0},{"not_picked":["Study+1","Prostrate+1"],"picked":"Omniscience+1","floor":24.0},{"not_picked":["FollowUp+1","ThirdEye+1"],"picked":"EmptyMind+1","floor":25.0},{"not_picked":["Evaluate+1","JustLucky"],"picked":"Crescendo+1","floor":27.0},{"not_picked":["Crescendo+1","FollowUp"],"picked":"Halt+1","floor":29.0},{"not_picked":["CrushJoints","Conclude"],"picked":"Evaluate+1","floor":31.0},{"not_picked":["Omniscience+1","LessonLearned"],"picked":"SpiritShield+1","floor":33.0},{"not_picked":["ThirdEye+1","FlurryOfBlows+1","FearNoEvil"],"picked":"SKIP","floor":35.0},{"not_picked":["Blind+1","Trip+1"],"picked":"Enlightenment+1","floor":37.0},{"not_picked":["Prostrate+1","Fasting2","EmptyBody+1"],"picked":"SKIP","floor":39.0},{"not_picked":["CutThroughFate","FollowUp+1"],"picked":"ThirdEye+1","floor":40.0},{"not_picked":["PathToVictory+1","Crescendo+1","Pray+1"],"picked":"SKIP","floor":41},{"not_picked":["SashWhip+1","Halt+1"],"picked":"Tantrum","floor":45},{"not_picked":["Collect+1","Fasting2+1"],"picked":"MentalFortress+1","floor":46}],"player_experience":4706088,"relics_obtained":[{"floor":8.0,"key":"Shovel"},{"floor":9.0,"key":"Toxic Egg 2"},{"floor":13.0,"key":"Omamori"},{"floor":24.0,"key":"Calipers"},{"floor":26.0,"key":"Whetstone"},{"floor":29.0,"key":"Juzu Bracelet"},{"floor":32.0,"key":"Bottled Lightning"},{"floor":41,"key":"Boot"},{"floor":42,"key":"GoldenEye"},{"floor":43,"key":"Frozen Egg 2"},{"floor":46,"key":"Mummified Hand"},{"floor":48,"key":"Ginger"}],"event_choices":[{"damage_healed":0.0,"max_hp_gain":0.0,"max_hp_loss":0.0,"gold_gain":75.0,"event_name":"World of Goop","player_choice":"Gather Gold","floor":11.0,"gold_loss":0.0,"damage_taken":11.0},{"damage_healed":0.0,"max_hp_gain":0.0,"max_hp_loss":0.0,"gold_gain":0.0,"event_name":"Vampires","player_choice":"Ignored","floor":19.0,"gold_loss":0.0,"damage_taken":0.0},{"damage_healed":0.0,"max_hp_gain":0.0,"max_hp_loss":0.0,"gold_gain":0.0,"event_name":"The Library","player_choice":"Read","floor":22.0,"gold_loss":0.0,"damage_taken":0.0,"cards_obtained":["SandsOfTime"]},{"cards_removed":["Strike_P"],"damage_healed":0.0,"max_hp_gain":0.0,"max_hp_loss":0.0,"gold_gain":0.0,"event_name":"Beggar","player_choice":"Gave Gold","floor":30.0,"gold_loss":75.0,"damage_taken":0.0},{"damage_healed":15.0,"max_hp_gain":0.0,"max_hp_loss":0.0,"gold_gain":0.0,"event_name":"Winding Halls","player_choice":"Writhe","floor":36.0,"gold_loss":0.0,"damage_taken":0.0,"cards_obtained":["Writhe"]},{"damage_healed":0.0,"max_hp_gain":0.0,"max_hp_loss":0.0,"gold_gain":0.0,"event_name":"SensoryStone","player_choice":"Memory 1","floor":37.0,"gold_loss":0.0,"damage_taken":0.0},{"damage_healed":0,"gold_gain":0,"player_choice":"Fight","damage_taken":0,"max_hp_gain":0,"max_hp_loss":0,"event_name":"Mysterious Sphere","floor":48,"gold_loss":0}],"is_beta":false,"boss_relics":[{"not_picked":["Coffee Dripper","Ectoplasm"],"picked":"SlaversCollar"},{"not_picked":["Black Star","Runic Pyramid"],"picked":"HolyWater"}],"items_purged_floors":[10,14,28],"is_endless":false,"potions_floor_spawned":[2,5,12,13,16,21,27,31,40,46,48],"ascension_level":15}