{"gold_per_floor":[109,109,126,139,16,16,33,33,56,86,161,161,195,215,215,293,293,293,293,16,16,16,16,16,16,16,16,16,16,16,16,16,16,16,16,16,16,16,16,16,16,16,16,16,16,16,16,16,16,16],"floor_reached":51,"playtime":2389,"items_purged":["Strike_P"],"score":1426,"play_id":"4c963ca9-f86d-4a96-a274-02c65d74fb03","local_time":"20210128215324","is_ascension_mode":true,"campfire_choices":[{"data":"Tantrum","floor":6.0,"key":"SMITH"},{"data":"Wallop","floor":8.0,"key":"SMITH"},{"data":"LikeWater","floor":15.0,"key":"SMITH"},{"data":"MentalFortress","floor":23.0,"key":"SMITH"},{"floor":27.0,"key":"REST"},{"data":"Protect","floor":30.0,"key":"SMITH"},{"floor":32.0,"key":"REST"},{"floor":46.0,"key":"REST"},{"floor":49.0,"key":"REST"}],"neow_cost":"NONE","seed_source_timestamp":1256375435443200,"circlet_count":0,"master_deck":["AscendersBane","Strike_P","Strike_P","Defend_P+1","Defend_P","Defend_P","Defend_P+1","Eruption","Vigilance+1","FlurryOfBlows","Tantrum+1","Wallop+1","LikeWater+1","InnerPeace","DeusExMachina+1","Meditate+1","CutThroughFate+1","Establishment","EmptyFist","MentalFortress+1","BattleHymn","Protect+1","Omniscience","Protect","SpiritShield","EmptyBody","SandsOfTime+1","SpiritShield","TalkToTheHand"],"special_seed":0,"relics":["PureWater","Anchor","PreservedInsect","Akabeko","Ectoplasm","Bag of Marbles","War Paint","Bottled Flame","MealTicket","Black Star","Happy Flower","Nunchaku","Whetstone","Omamori","StrikeDummy"],"potions_floor_usage":[50,50],"damage_taken":[{"damage":4.0,"enemies":"Small Slimes","floor":1.0,"turns":5.0},{"damage":0.0,"enemies":"Jaw Worm","floor":3.0,"turns":3.0},{"damage":0.0,"enemies":"2 Louse","floor":4.0,"turns":3.0},{"damage":4.0,"enemies":"Exordium Thugs","floor":7.0,"turns":3.0},{"damage":0.0,"enemies":"Gremlin Nob","floor":10.0,"turns":3.0},{"damage":0.0,"enemies":"Lagavulin","floor":13.0,"turns":4.0},{"damage":0.0,"enemies":"Exordium Wildlife","floor":14.0,"turns":1.0},{"damage":2.0,"enemies":"The Guardian","floor":16.0,"turns":14.0},{"damage":1.0,"enemies":"3 Byrds","floor":18.0,"turns":5.0},{"damage":0.0,"enemies":"Spheric Guardian","floor":22.0,"turns":1.0},{"damage":0.0,"enemies":"Gremlin Leader","floor":24.0,"turns":5.0},{"damage":25.0,"enemies":"Snake Plant","floor":25.0,"turns":4.0},{"damage":12.0,"enemies":"Book of Stabbing","floor":28.0,"turns":2.0},{"damage":0.0,"enemies":"Cultist and Chosen","floor":29.0,"turns":2.0},{"damage":0.0,"enemies":"3 Cultists","floor":31.0,"turns":4.0},{"damage":4.0,"enemies":"Automaton","floor":33.0,"turns":8.0},{"damage":0.0,"enemies":"Orb Walker","floor":35.0,"turns":2.0},{"damage":8.0,"enemies":"3 Darklings","floor":36.0,"turns":4.0},{"damage":0.0,"enemies":"Maw","floor":38.0,"turns":6.0},{"damage":35.0,"enemies":"Reptomancer","floor":40.0,"turns":8.0},{"damage":0.0,"enemies":"Sphere and 2 Shapes","floor":41.0,"turns":7.0},{"damage":0.0,"enemies":"Spire Growth","floor":42.0,"turns":5.0},{"damage":4.0,"enemies":"Writhing Mass","floor":44.0,"turns":7.0},{"damage":0.0,"enemies":"Jaw Worm Horde","floor":45.0,"turns":5.0},{"damage":17.0,"enemies":"Nemesis","floor":47.0,"turns":5.0},{"damage":0.0,"enemies":"4 Shapes","floor":48.0,"turns":6.0},{"damage":47,"enemies":"Awakened One","floor":50,"turns":19}],"seed_played":"2950108420598909053","potions_obtained":[{"floor":7.0,"key":"Block Potion"},{"floor":16.0,"key":"Fire Potion"},{"floor":18.0,"key":"PowerPotion"},{"floor":25.0,"key":"PowerPotion"},{"floor":29.0,"key":"Fire Potion"},{"floor":36.0,"key":"Ancient Potion"},{"floor":41.0,"key":"ColorlessPotion"},{"floor":42.0,"key":"Block Potion"},{"floor":44.0,"key":"AttackPotion"}],"is_trial":false,"path_per_floor":["M","?","M","M","$","R","M","R","T","E","?","?","E","M","R","B",null,"M","?","$","?","M","R","E","M","T","R","E","M","R","M","R","B",null,"M","M","?","M","?","E","M","M","T","M","M","R","E","M","R","B",null],"character_chosen":"WATCHER","items_purchased":["LikeWater","Energy Potion","EmptyFist","Bag of Marbles"],"campfire_rested":4,"item_purchase_floors":[5,5,20,20],"current_hp_per_floor":[63,56,56,56,56,56,52,52,52,52,41,19,19,19,19,17,60,59,59,59,59,59,59,59,34,34,56,44,44,44,44,66,62,71,71,63,63,63,63,28,28,28,28,24,24,45,28,28,49,2],"gold":16,"neow_bonus":"TEN_PERCENT_HP_BONUS","is_prod":false,"is_daily":false,"chose_seed":false,"campfire_upgraded":5,"win_rate":0,"timestamp":1611899604,"path_taken":["M","?","M","M","$","R","M","R","T","E","?","?","E","?","R","BOSS","M","?","$","?","M","R","E","M","T","R","E","M","R","M","R","BOSS","M","M","?","M","?","E","M","M","T","?","M","R","E","M","R","BOSS"],"build_version":"2020-12-22","purchased_purges":1,"victory":true,"max_hp_per_floor":[74,74,74,74,74,74,74,74,74,74,74,74,74,74,74,74,74,74,74,74,74,74,74,74,74,74,74,74,74,74,74,74,74,74,74,74,70,70,70,70,70,70,70,70,70,70,70,70,70,70],"card_choices":[{"not_picked":["ThirdEye","Nirvana"],"picked":"FlurryOfBlows","floor":1.0},{"not_picked":["InnerPeace","Evaluate"],"picked":"Tantrum","floor":3.0},{"not_picked":["CrushJoints","SashWhip"],"picked":"Wallop","floor":4.0},{"not_picked":["PathToVictory","Indignation"],"picked":"InnerPeace","floor":7.0},{"not_picked":["EmptyFist","Pray"],"picked":"DeusExMachina","floor":10.0},{"not_picked":["ForeignInfluence","JustLucky"],"picked":"Meditate","floor":13.0},{"not_picked":["Crescendo","Prostrate"],"picked":"CutThroughFate","floor":14.0},{"not_picked":["Alpha","Devotion"],"picked":"Establishment","floor":16.0},{"not_picked":["WreathOfFlame","PathToVictory","FlyingSleeves"],"picked":"SKIP","floor":18.0},{"not_picked":["WreathOfFlame","PathToVictory","FlyingSleeves"],"picked":"SKIP","floor":18.0},{"not_picked":["FlyingSleeves","Nirvana"],"picked":"MentalFortress","floor":22.0},{"not_picked":["SashWhip","WaveOfTheHand"],"picked":"BattleHymn","floor":24.0},{"not_picked":["Consecrate","Evaluate"],"picked":"Protect","floor":25.0},{"not_picked":["FlyingSleeves","SashWhip","Sanctity"],"picked":"SKIP","floor":28.0},{"not_picked":["FlyingSleeves","CutThroughFate"],"picked":"Omniscience","floor":29.0},{"not_picked":["Weave","Prostrate"],"picked":"Protect","floor":31.0},{"not_picked":["Ragnarok","Brilliance"],"picked":"SpiritShield","floor":33.0},{"not_picked":["FlurryOfBlows","FollowUp"],"picked":"EmptyBody","floor":35.0},{"not_picked":["Halt","FlurryOfBlows","FlyingSleeves"],"picked":"SKIP","floor":36.0},{"not_picked":["Conclude","EmptyFist"],"picked":"SandsOfTime","floor":38.0},{"not_picked":["Halt","Weave","JustLucky+1"],"picked":"SKIP","floor":40.0},{"not_picked":["WreathOfFlame","FlyingSleeves+1","ClearTheMind"],"picked":"SKIP","floor":41.0},{"not_picked":["Halt","EmptyBody+1","Wireheading+1"],"picked":"SKIP","floor":42.0},{"not_picked":["MentalFortress","Wallop","Conclude"],"picked":"SKIP","floor":44.0},{"not_picked":["FollowUp","CrushJoints"],"picked":"SpiritShield","floor":45.0},{"not_picked":["BowlingBash+1","BattleHymn+1","ReachHeaven"],"picked":"SKIP","floor":47.0},{"not_picked":["Sanctity","SashWhip+1"],"picked":"TalkToTheHand","floor":48.0}],"player_experience":4718055,"relics_obtained":[{"floor":9.0,"key":"Anchor"},{"floor":10.0,"key":"PreservedInsect"},{"floor":13.0,"key":"Akabeko"},{"floor":24.0,"key":"War Paint"},{"floor":26.0,"key":"Bottled Flame"},{"floor":28.0,"key":"MealTicket"},{"floor":40.0,"key":"Happy Flower"},{"floor":40.0,"key":"Nunchaku"},{"floor":43.0,"key":"Whetstone"},{"floor":47.0,"key":"Omamori"},{"floor":47.0,"key":"StrikeDummy"}],"event_choices":[{"cards_removed":["Strike_P"],"damage_healed":0.0,"max_hp_gain":0.0,"max_hp_loss":0.0,"gold_gain":0.0,"event_name":"Golden Wing","player_choice":"Card Removal","floor":2.0,"gold_loss":0.0,"damage_taken":7.0},{"damage_healed":0.0,"max_hp_gain":0.0,"max_hp_loss":0.0,"gold_gain":75.0,"event_name":"World of Goop","player_choice":"Gather Gold","floor":11.0,"gold_loss":0.0,"damage_taken":11.0},{"damage_healed":0.0,"max_hp_gain":0.0,"max_hp_loss":0.0,"gold_gain":0.0,"event_name":"Shining Light","player_choice":"Entered Light","floor":12.0,"gold_loss":0.0,"damage_taken":22.0,"cards_upgraded":["Defend_P","Vigilance"]},{"damage_healed":0.0,"max_hp_gain":0.0,"max_hp_loss":0.0,"gold_gain":0.0,"event_name":"Ghosts","player_choice":"Ignored","floor":19.0,"gold_loss":0.0,"damage_taken":0.0},{"damage_healed":0.0,"max_hp_gain":0.0,"max_hp_loss":0.0,"gold_gain":0.0,"event_name":"Accursed Blacksmith","player_choice":"Forge","floor":21.0,"gold_loss":0.0,"damage_taken":0.0,"cards_upgraded":["Meditate"]},{"damage_healed":0.0,"max_hp_gain":0.0,"max_hp_loss":4.0,"gold_gain":0.0,"event_name":"Winding Halls","player_choice":"Max HP","floor":37.0,"gold_loss":0.0,"damage_taken":0.0},{"damage_healed":0.0,"max_hp_gain":0.0,"max_hp_loss":0.0,"gold_gain":0.0,"event_name":"WeMeetAgain","player_choice":"Ignored","floor":39.0,"gold_loss":0.0,"damage_taken":0.0}],"is_beta":false,"boss_relics":[{"not_picked":["Runic Pyramid","Fusion Hammer"],"picked":"Ectoplasm"},{"not_picked":["Busted Crown","Tiny House"],"picked":"Black Star"}],"items_purged_floors":[20],"is_endless":false,"potions_floor_spawned":[7,10,13,16,18,25,29,31,36,41,42,44,47],"ascension_level":15}