{"gold_per_floor":[118,129,129,148,148,186,186,222,300,300,338,11,11,50,50,165,165,215,261,300,39,39],"floor_reached":22,"playtime":781,"items_purged":["Strike_P"],"score":441,"play_id":"fd3fab98-55ca-4b40-ac96-8209fa09f8cf","local_time":"20210204165616","is_ascension_mode":true,"campfire_choices":[{"data":"Eruption","floor":7.0,"key":"SMITH"},{"floor":13.0,"key":"REST"},{"data":"Conclude","floor":15.0,"key":"SMITH"}],"neow_cost":"NONE","seed_source_timestamp":1845288510141600,"circlet_count":0,"master_deck":["AscendersBane","Strike_P","Strike_P","Defend_P","Defend_P","Defend_P","Defend_P","Eruption+1","Vigilance","LikeWater","FlurryOfBlows","CutThroughFate","FlyingSleeves","Wish","WheelKick","Conclude+1","ConjureBlade","Protect","MentalFortress+1","TalkToTheHand","Adaptation+1","InnerPeace"],"special_seed":0,"relics":["PureWater","NeowsBlessing","Golden Idol","CaptainsWheel","PreservedInsect","Sundial","Frozen Egg 2","Art of War","SlaversCollar","Red Mask"],"potions_floor_usage":[],"damage_taken":[{"damage":0.0,"enemies":"Jaw Worm","floor":1.0,"turns":1.0},{"damage":0.0,"enemies":"2 Louse","floor":2.0,"turns":1.0},{"damage":0.0,"enemies":"Small Slimes","floor":4.0,"turns":1.0},{"damage":12.0,"enemies":"3 Sentries","floor":6.0,"turns":10.0},{"damage":17.0,"enemies":"Lagavulin","floor":8.0,"turns":7.0},{"damage":0.0,"enemies":"2 Fungi Beasts","floor":11.0,"turns":3.0},{"damage":8.0,"enemies":"Gremlin Nob","floor":14.0,"turns":3.0},{"damage":0.0,"enemies":"Slime Boss","floor":16.0,"turns":6.0},{"damage":0.0,"enemies":"Spheric Guardian","floor":18.0,"turns":4.0},{"damage":14.0,"enemies":"Shell Parasite","floor":19.0,"turns":5.0},{"damage":0.0,"enemies":"Masked Bandits","floor":20.0,"turns":2.0},{"damage":42,"enemies":"3 Cultists","floor":22,"turns":4}],"seed_played":"-2026079332681010779","potions_obtained":[{"floor":4.0,"key":"LiquidMemories"},{"floor":8.0,"key":"FearPotion"},{"floor":14.0,"key":"BottledMiracle"},{"floor":16.0,"key":"BottledMiracle"},{"floor":19.0,"key":"GamblersBrew"}],"is_trial":false,"path_per_floor":["M","M","?","M","?","E","R","E","T","?","M","$","R","E","R","B",null,"M","M","?","$","M"],"character_chosen":"WATCHER","items_purchased":["Conclude","Frozen Egg 2","TalkToTheHand","Adaptation+1","InnerPeace"],"campfire_rested":1,"item_purchase_floors":[12,12,21,21,21],"current_hp_per_floor":[61,61,61,61,61,49,49,32,32,25,25,25,43,35,35,35,55,55,41,41,41,0],"gold":39,"neow_bonus":"THREE_ENEMY_KILL","is_prod":false,"is_daily":false,"chose_seed":false,"campfire_upgraded":2,"win_rate":0,"timestamp":1612486576,"path_taken":["M","M","?","M","?","E","R","E","T","?","M","$","R","E","R","BOSS","M","M","?","$","M"],"build_version":"2020-12-22","purchased_purges":1,"victory":false,"max_hp_per_floor":[68,68,68,68,62,62,62,62,62,62,62,62,62,62,62,62,62,62,62,62,62,62],"card_choices":[{"not_picked":["FlurryOfBlows","CutThroughFate"],"picked":"LikeWater","floor":1.0},{"not_picked":["PathToVictory","EmptyMind"],"picked":"FlurryOfBlows","floor":2.0},{"not_picked":["Sanctity","WindmillStrike"],"picked":"CutThroughFate","floor":4.0},{"not_picked":["Indignation","ThirdEye"],"picked":"FlyingSleeves","floor":6.0},{"not_picked":["PathToVictory","CrushJoints"],"picked":"Wish","floor":8.0},{"not_picked":["Protect","CutThroughFate"],"picked":"WheelKick","floor":11.0},{"not_picked":["WheelKick","Study+1","Alpha"],"picked":"SKIP","floor":14.0},{"not_picked":["Brilliance","Alpha"],"picked":"ConjureBlade","floor":16.0},{"not_picked":["Halt","Crescendo"],"picked":"Protect","floor":18.0},{"not_picked":["Prostrate","JustLucky","BowlingBash"],"picked":"SKIP","floor":19.0},{"not_picked":["Protect","FlyingSleeves"],"picked":"MentalFortress+1","floor":20.0}],"player_experience":4737461,"relics_obtained":[{"floor":6.0,"key":"CaptainsWheel"},{"floor":8.0,"key":"PreservedInsect"},{"floor":9.0,"key":"Sundial"},{"floor":14.0,"key":"Art of War"},{"floor":20.0,"key":"Red Mask"}],"event_choices":[{"damage_healed":0.0,"max_hp_gain":0.0,"max_hp_loss":0.0,"gold_gain":0.0,"event_name":"The Cleric","player_choice":"Leave","floor":3.0,"gold_loss":0.0,"damage_taken":0.0},{"damage_healed":0.0,"max_hp_gain":0.0,"max_hp_loss":6.0,"gold_gain":0.0,"event_name":"Golden Idol","player_choice":"Lose Max HP","floor":5.0,"gold_loss":0.0,"damage_taken":0.0,"relics_obtained":["Golden Idol"]},{"cards_removed":["Strike_P"],"damage_healed":0.0,"max_hp_gain":0.0,"max_hp_loss":0.0,"gold_gain":0.0,"event_name":"Golden Wing","player_choice":"Card Removal","floor":10.0,"gold_loss":0.0,"damage_taken":7.0},{"damage_healed":0.0,"max_hp_gain":0.0,"max_hp_loss":0.0,"gold_gain":0.0,"event_name":"Masked Bandits","player_choice":"Fought Bandits","floor":20.0,"gold_loss":0.0,"damage_taken":0.0}],"is_beta":false,"boss_relics":[{"not_picked":["Empty Cage","Pandora\u0027s Box"],"picked":"SlaversCollar"}],"items_purged_floors":[21],"is_endless":false,"potions_floor_spawned":[4,8,14,16,19],"killed_by":"3 Cultists","ascension_level":15}