{"gold_per_floor":[359,378,378,378,391,391,265,265,345,345,379,396,396,409,409,486,486,500,10,10,10,10,39,52,81,81,108,108,118,135,145,145,224,224,237,282,59,59,75,125,125,164,164,164,222,236,236,92,92,92],"floor_reached":51,"playtime":2508,"items_purged":["Strike_P","Strike_P+1"],"score":1476,"play_id":"9961456b-4182-4534-9164-ada7b30bdd76","local_time":"20210202113037","is_ascension_mode":true,"campfire_choices":[{"floor":6.0,"key":"REST"},{"data":"Eruption","floor":8.0,"key":"SMITH"},{"data":"MentalFortress","floor":10.0,"key":"SMITH"},{"data":"TalkToTheHand","floor":13.0,"key":"SMITH"},{"data":"FearNoEvil","floor":15.0,"key":"SMITH"},{"data":"Tantrum","floor":28.0,"key":"SMITH"},{"floor":32.0,"key":"REST"},{"data":"MentalFortress","floor":41.0,"key":"SMITH"},{"data":"SpiritShield","floor":47,"key":"SMITH"},{"data":"Wish","floor":49,"key":"SMITH"}],"neow_cost":"PERCENT_DAMAGE","seed_source_timestamp":1651380906701200,"circlet_count":0,"master_deck":["AscendersBane","Strike_P+1","Strike_P+1","Defend_P+1","Defend_P+1","Defend_P+1","Defend_P+1","Eruption+1","Vigilance","FlurryOfBlows","ClearTheMind","MentalFortress+1","EmptyBody","TalkToTheHand+1","DeusExMachina","FearNoEvil+1","SpiritShield+1","CutThroughFate+1","Tantrum+1","BattleHymn","SashWhip+1","TalkToTheHand+1","Vault","WaveOfTheHand+1","Wish+1","Pray+1","Wallop","MentalFortress+1","EmptyMind+1"],"special_seed":0,"relics":["PureWater","PreservedInsect","HornCleat","Singing Bowl","Cursed Key","Bronze Scales","Sling","Nunchaku","Centennial Puzzle","Whetstone","SlaversCollar","Blood Vial","Akabeko","Happy Flower"],"potions_floor_usage":[50,50],"damage_taken":[{"damage":4.0,"enemies":"Small Slimes","floor":1.0,"turns":3.0},{"damage":1.0,"enemies":"Jaw Worm","floor":2.0,"turns":5.0},{"damage":1.0,"enemies":"Cultist","floor":5.0,"turns":5.0},{"damage":0.0,"enemies":"Gremlin Nob","floor":11.0,"turns":2.0},{"damage":6.0,"enemies":"Lots of Slimes","floor":12.0,"turns":6.0},{"damage":7.0,"enemies":"2 Fungi Beasts","floor":14.0,"turns":4.0},{"damage":27.0,"enemies":"Hexaghost","floor":16.0,"turns":15.0},{"damage":9.0,"enemies":"Shell Parasite","floor":18.0,"turns":6.0},{"damage":0.0,"enemies":"Gremlin Leader","floor":23.0,"turns":4.0},{"damage":0.0,"enemies":"Chosen","floor":24.0,"turns":3.0},{"damage":2.0,"enemies":"Book of Stabbing","floor":25.0,"turns":3.0},{"damage":2.0,"enemies":"Slavers","floor":27.0,"turns":3.0},{"damage":2.0,"enemies":"Centurion and Healer","floor":29.0,"turns":4.0},{"damage":0.0,"enemies":"Cultist and Chosen","floor":30.0,"turns":4.0},{"damage":5.0,"enemies":"Snake Plant","floor":31.0,"turns":3.0},{"damage":0.0,"enemies":"Automaton","floor":33.0,"turns":8.0},{"damage":1.0,"enemies":"3 Shapes","floor":35.0,"turns":4.0},{"damage":10.0,"enemies":"3 Darklings","floor":36.0,"turns":5.0},{"damage":23.0,"enemies":"Jaw Worm Horde","floor":39.0,"turns":6.0},{"damage":6.0,"enemies":"Nemesis","floor":40.0,"turns":7.0},{"damage":0.0,"enemies":"Maw","floor":42.0,"turns":8.0},{"damage":1,"enemies":"Giant Head","floor":45,"turns":7},{"damage":5,"enemies":"4 Shapes","floor":46,"turns":7},{"damage":14,"enemies":"Awakened One","floor":50,"turns":10}],"seed_played":"2854873771381491443","potions_obtained":[{"floor":1.0,"key":"PowerPotion"},{"floor":5.0,"key":"Swift Potion"},{"floor":14.0,"key":"Fruit Juice"},{"floor":16.0,"key":"Fire Potion"},{"floor":27.0,"key":"StancePotion"},{"floor":29.0,"key":"BlessingOfTheForge"},{"floor":30.0,"key":"EssenceOfSteel"},{"floor":31.0,"key":"Strength Potion"},{"floor":39.0,"key":"Regen Potion"},{"floor":40.0,"key":"Strength Potion"}],"is_trial":false,"path_per_floor":["M","M","?","?","M","R","$","R","T","R","E","M","R","M","R","B",null,"M","$","T","?","?","E","M","E","T","E","R","M","M","M","R","B",null,"M","M","$","?","M","E","R","M","T","?","E","M","R","$","R","B",null],"character_chosen":"WATCHER","items_purchased":["MentalFortress","EmptyBody","Tantrum","Bronze Scales","Sling","BattleHymn","Wallop","Strength Potion","Happy Flower"],"campfire_rested":2,"item_purchase_floors":[7,7,19,19,19,19,37,37,48],"current_hp_per_floor":[39,38,18,18,17,37,37,37,37,37,37,31,31,24,24,2,55,46,46,46,46,46,48,48,46,46,46,46,44,46,41,64,64,75,74,66,66,66,45,54,54,58,58,60,63,60,60,60,60,48],"gold":92,"neow_bonus":"TWO_FIFTY_GOLD","is_prod":false,"is_daily":false,"chose_seed":false,"campfire_upgraded":8,"win_rate":0,"timestamp":1612294237,"path_taken":["M","M","?","?","M","R","$","R","T","R","E","?","R","M","R","BOSS","M","$","?","?","?","E","M","E","T","E","R","M","M","M","R","BOSS","M","M","$","?","M","E","R","M","T","?","E","M","R","$","R","BOSS"],"build_version":"2020-12-22","purchased_purges":2,"victory":true,"max_hp_per_floor":[68,68,68,68,68,68,68,68,68,68,68,68,68,68,68,73,73,73,73,73,73,73,75,75,75,75,77,77,77,79,79,79,79,79,79,81,81,77,79,79,79,81,81,83,85,85,85,85,85,85],"card_choices":[{"not_picked":["Study","InnerPeace"],"picked":"FlurryOfBlows","floor":1.0},{"not_picked":["ForeignInfluence","Swivel"],"picked":"FollowUp","floor":2.0},{"not_picked":["EmptyMind","Prostrate"],"picked":"ClearTheMind","floor":5.0},{"not_picked":["Adaptation","ReachHeaven"],"picked":"TalkToTheHand","floor":11.0},{"not_picked":["Protect","EmptyFist"],"picked":"DeusExMachina","floor":12.0},{"not_picked":["Crescendo","EmptyFist"],"picked":"FearNoEvil","floor":14.0},{"not_picked":["DevaForm","DeusExMachina"],"picked":"SpiritShield","floor":16.0},{"not_picked":["Nirvana","ThirdEye"],"picked":"CutThroughFate","floor":18.0},{"not_picked":["ThirdEye","SashWhip","Omniscience"],"picked":"Singing Bowl","floor":23.0},{"not_picked":["CutThroughFate","Evaluate"],"picked":"SashWhip+1","floor":24.0},{"not_picked":["ClearTheMind","JustLucky"],"picked":"TalkToTheHand","floor":25.0},{"not_picked":["Consecrate","Weave","ThirdEye"],"picked":"Singing Bowl","floor":27.0},{"not_picked":["BattleHymn","BowlingBash"],"picked":"Vault","floor":29.0},{"not_picked":["Wireheading","PathToVictory","JustLucky"],"picked":"Singing Bowl","floor":30.0},{"not_picked":["Study","FlyingSleeves"],"picked":"WaveOfTheHand+1","floor":31.0},{"not_picked":["LessonLearned","Alpha"],"picked":"Wish","floor":33.0},{"not_picked":["Prostrate+1","Nirvana"],"picked":"Pray+1","floor":35.0},{"not_picked":["Halt","EmptyFist","CutThroughFate"],"picked":"Singing Bowl","floor":36.0},{"not_picked":["Prostrate+1","PathToVictory","DeceiveReality"],"picked":"Singing Bowl","floor":39.0},{"not_picked":["SignatureMove","EmptyFist"],"picked":"MentalFortress","floor":40.0},{"not_picked":["EmptyMind","FollowUp+1","LikeWater+1"],"picked":"Singing Bowl","floor":42.0},{"not_picked":["Good Instincts","Dramatic Entrance","PanicButton"],"picked":"Singing Bowl","floor":44},{"not_picked":["SashWhip","Alpha","EmptyBody"],"picked":"Singing Bowl","floor":45},{"not_picked":["PathToVictory","InnerPeace"],"picked":"EmptyMind+1","floor":46}],"player_experience":4727536,"relics_obtained":[{"floor":9.0,"key":"HornCleat"},{"floor":11.0,"key":"Singing Bowl"},{"floor":23.0,"key":"Nunchaku"},{"floor":25.0,"key":"Centennial Puzzle"},{"floor":27.0,"key":"Whetstone"},{"floor":40.0,"key":"Blood Vial"},{"floor":45,"key":"Akabeko"}],"event_choices":[{"damage_healed":0.0,"max_hp_gain":0.0,"max_hp_loss":0.0,"gold_gain":0.0,"event_name":"Shining Light","player_choice":"Entered Light","floor":3.0,"gold_loss":0.0,"damage_taken":20.0,"cards_upgraded":["Defend_P","Strike_P"]},{"cards_removed":["FollowUp"],"damage_healed":0.0,"max_hp_gain":0.0,"max_hp_loss":0.0,"gold_gain":0.0,"event_name":"WeMeetAgain","player_choice":"Gave Card","floor":4.0,"gold_loss":0.0,"damage_taken":0.0,"relics_obtained":["PreservedInsect"]},{"damage_healed":0.0,"max_hp_gain":0.0,"max_hp_loss":0.0,"gold_gain":0.0,"event_name":"The Mausoleum","player_choice":"Ignored","floor":21.0,"gold_loss":0.0,"damage_taken":0.0},{"damage_healed":0.0,"max_hp_gain":0.0,"max_hp_loss":0.0,"gold_gain":0.0,"event_name":"Back to Basics","player_choice":"Simplicity","floor":22.0,"gold_loss":0.0,"damage_taken":0.0,"cards_upgraded":["Strike_P","Strike_P","Defend_P","Defend_P","Defend_P"]},{"damage_healed":0.0,"max_hp_gain":0.0,"max_hp_loss":4.0,"gold_gain":0.0,"event_name":"Winding Halls","player_choice":"Max HP","floor":38.0,"gold_loss":0.0,"damage_taken":0.0},{"damage_healed":0,"gold_gain":0,"player_choice":"Memory 1","damage_taken":0,"max_hp_gain":0,"max_hp_loss":0,"event_name":"SensoryStone","floor":44,"gold_loss":0}],"is_beta":false,"boss_relics":[{"not_picked":["Empty Cage","Tiny House"],"picked":"Cursed Key"},{"not_picked":["Philosopher\u0027s Stone","Busted Crown"],"picked":"SlaversCollar"}],"items_purged_floors":[19,37],"is_endless":false,"potions_floor_spawned":[1,5,14,16,23,24,27,29,30,31,39,40,45],"ascension_level":15}