{"gold_per_floor":[115,135,54,73,73,73,112,136,160,204,228,228,228,248,248,343,343,366,291,311,208,232,232,271,296,365,44,83,83,96,139,139,235,235,255,255,255,275,296,329,329,347,347,347,371,371,371,410,410,410],"floor_reached":51,"playtime":2693,"items_purged":["DeusExMachina"],"score":1366,"play_id":"820315e9-a0ed-4269-ab9a-bc078e16ac32","local_time":"20210406093157","is_ascension_mode":true,"campfire_choices":[{"data":"Eruption","floor":6.0,"key":"SMITH"},{"data":"Adaptation","floor":13.0,"key":"SMITH"},{"data":"Tantrum","floor":15.0,"key":"SMITH"},{"floor":23.0,"key":"REST"},{"floor":29.0,"key":"REST"},{"floor":32.0,"key":"REST"},{"floor":41.0,"key":"REST"},{"floor":44,"key":"REST"},{"data":"MentalFortress","floor":47,"key":"SMITH"},{"data":"Wish","floor":49,"key":"SMITH"}],"neow_cost":"NONE","seed_source_timestamp":0,"circlet_count":0,"master_deck":["AscendersBane","Eruption+1","Vigilance","EmptyBody","CutThroughFate","BattleHymn","Establishment","ClearTheMind","Tantrum+1","Adaptation+1","FlurryOfBlows","Vault","CarveReality","Indignation","MentalFortress+1","DeusExMachina","Ragnarok","EmptyFist","TalkToTheHand","ThirdEye","ThirdEye","FearNoEvil","Halt","InnerPeace","Nirvana+1","SandsOfTime","Wish+1","CrushJoints+1","Protect","LikeWater+1","SpiritShield","Vengeance+1"],"special_seed":0,"relics":["PureWater","Lantern","Golden Idol","Orichalcum","Omamori","Centennial Puzzle","Pandora\u0027s Box","Tiny Chest","Frozen Egg 2","Pear","Shovel","White Beast Statue","Philosopher\u0027s Stone","FossilizedHelix","Mercury Hourglass","TeardropLocket"],"potions_floor_usage":[42,45,50],"damage_taken":[{"damage":0.0,"enemies":"2 Louse","floor":1.0,"turns":2.0},{"damage":0.0,"enemies":"Jaw Worm","floor":2.0,"turns":4.0},{"damage":0.0,"enemies":"Cultist","floor":4.0,"turns":3.0},{"damage":22.0,"enemies":"3 Sentries","floor":7.0,"turns":7.0},{"damage":0.0,"enemies":"Large Slime","floor":8.0,"turns":4.0},{"damage":10.0,"enemies":"Lagavulin","floor":10.0,"turns":6.0},{"damage":0.0,"enemies":"2 Fungi Beasts","floor":11.0,"turns":2.0},{"damage":0.0,"enemies":"Blue Slaver","floor":14.0,"turns":3.0},{"damage":13.0,"enemies":"Hexaghost","floor":16.0,"turns":7.0},{"damage":12.0,"enemies":"3 Byrds","floor":18.0,"turns":3.0},{"damage":4.0,"enemies":"Shell Parasite","floor":20.0,"turns":3.0},{"damage":29.0,"enemies":"Snake Plant","floor":22.0,"turns":4.0},{"damage":2.0,"enemies":"Gremlin Leader","floor":24.0,"turns":3.0},{"damage":11.0,"enemies":"Snecko","floor":25.0,"turns":3.0},{"damage":20.0,"enemies":"Slavers","floor":28.0,"turns":2.0},{"damage":2.0,"enemies":"Centurion and Healer","floor":30.0,"turns":4.0},{"damage":21.0,"enemies":"Gremlin Leader","floor":31.0,"turns":6.0},{"damage":27.0,"enemies":"Champ","floor":33.0,"turns":7.0},{"damage":3.0,"enemies":"3 Shapes","floor":35.0,"turns":3.0},{"damage":20.0,"enemies":"Orb Walker","floor":38.0,"turns":3.0},{"damage":8.0,"enemies":"Writhing Mass","floor":39.0,"turns":4.0},{"damage":9.0,"enemies":"Nemesis","floor":40.0,"turns":5.0},{"damage":37,"enemies":"Jaw Worm Horde","floor":42,"turns":5},{"damage":0,"enemies":"Sphere and 2 Shapes","floor":45,"turns":5},{"damage":0,"enemies":"Reptomancer","floor":48,"turns":5},{"damage":13,"enemies":"Time Eater","floor":50,"turns":9}],"seed_played":"-4639506172911724502","potions_obtained":[{"floor":1.0,"key":"FairyPotion"},{"floor":10.0,"key":"AttackPotion"},{"floor":18.0,"key":"LiquidMemories"},{"floor":24.0,"key":"LiquidMemories"},{"floor":28.0,"key":"BottledMiracle"},{"floor":33.0,"key":"BottledMiracle"},{"floor":35.0,"key":"PowerPotion"},{"floor":39.0,"key":"BlessingOfTheForge"},{"floor":40.0,"key":"BottledMiracle"},{"floor":42,"key":"Fire Potion"},{"floor":45,"key":"BlessingOfTheForge"}],"is_trial":false,"path_per_floor":["M","M","$","M","?","R","E","M","T","E","M","?","R","M","R","B",null,"M","?","M","$","M","R","E","M","T","$","E","R","M","E","R","B",null,"M","?","$","M","M","E","R","M","T","R","M","?","R","E","R","B",null],"character_chosen":"WATCHER","items_purchased":["BattleHymn","ThirdEye","FearNoEvil","Pear"],"campfire_rested":5,"item_purchase_floors":[3,21,21,27],"current_hp_per_floor":[61,61,61,61,61,61,39,39,39,29,29,29,29,29,29,16,51,39,39,35,35,6,24,22,11,11,21,1,22,20,21,42,15,58,55,55,55,35,27,18,39,2,2,23,23,72,72,72,72,59],"gold":410,"neow_bonus":"RANDOM_COMMON_RELIC","is_prod":false,"is_daily":false,"chose_seed":false,"campfire_upgraded":5,"win_rate":0,"timestamp":1617726717,"path_taken":["M","M","$","M","?","R","E","M","T","E","M","?","R","?","R","BOSS","M","?","M","$","M","R","E","M","T","$","E","R","M","E","R","BOSS","M","?","$","M","M","E","R","M","T","R","M","?","R","E","R","BOSS"],"build_version":"2020-12-22","purchased_purges":1,"victory":true,"max_hp_per_floor":[68,68,68,68,62,62,62,62,62,62,62,62,62,62,62,62,62,62,62,62,62,62,62,62,62,62,72,72,72,72,72,72,72,72,72,72,72,72,72,72,72,72,72,72,72,72,72,72,72,72],"card_choices":[{"not_picked":["Swivel","Halt"],"picked":"EmptyBody","floor":1.0},{"not_picked":["FlyingSleeves","JustLucky"],"picked":"CutThroughFate","floor":2.0},{"not_picked":["Pray","Crescendo","EmptyBody"],"picked":"SKIP","floor":4.0},{"not_picked":["Adaptation","EmptyBody"],"picked":"Establishment","floor":7.0},{"not_picked":["FlyingSleeves","Adaptation"],"picked":"ClearTheMind","floor":8.0},{"not_picked":["Nirvana","Protect"],"picked":"Tantrum","floor":10.0},{"not_picked":["Fasting2","Evaluate"],"picked":"Adaptation","floor":11.0},{"not_picked":["Indignation","EmptyFist"],"picked":"FlurryOfBlows","floor":14.0},{"not_picked":["MasterReality","ConjureBlade"],"picked":"Vault","floor":16.0},{"not_picked":["CrushJoints","ClearTheMind"],"picked":"TalkToTheHand","floor":18.0},{"not_picked":["ReachHeaven","Vengeance+1"],"picked":"ThirdEye","floor":20.0},{"not_picked":["SashWhip","CutThroughFate","ClearTheMind"],"picked":"SKIP","floor":22.0},{"not_picked":["PathToVictory","DeusExMachina"],"picked":"Halt","floor":24.0},{"not_picked":["Halt+1","FearNoEvil+1"],"picked":"InnerPeace","floor":25.0},{"not_picked":["Tantrum","FearNoEvil"],"picked":"Nirvana+1","floor":28.0},{"not_picked":["CutThroughFate","EmptyBody"],"picked":"SandsOfTime","floor":30.0},{"not_picked":["PathToVictory","EmptyBody","Study+1"],"picked":"SKIP","floor":31.0},{"not_picked":["Scrawl","Ragnarok"],"picked":"Wish","floor":33.0},{"not_picked":["SashWhip","FollowUp"],"picked":"CrushJoints+1","floor":35.0},{"not_picked":["EmptyBody","Sanctity","Study+1"],"picked":"SKIP","floor":38.0},{"not_picked":["ClearTheMind","CutThroughFate"],"picked":"Protect","floor":39.0},{"not_picked":["SignatureMove","Evaluate"],"picked":"LikeWater+1","floor":40.0},{"not_picked":["FollowUp","EmptyMind"],"picked":"SpiritShield","floor":42},{"not_picked":["EmptyFist","EmptyBody"],"picked":"Vengeance+1","floor":45},{"not_picked":["SignatureMove","PathToVictory","Worship"],"picked":"SKIP","floor":48}],"player_experience":4792067,"relics_obtained":[{"floor":7.0,"key":"Orichalcum"},{"floor":9.0,"key":"Omamori"},{"floor":10.0,"key":"Centennial Puzzle"},{"floor":24.0,"key":"Tiny Chest"},{"floor":26.0,"key":"Frozen Egg 2"},{"floor":28.0,"key":"Shovel"},{"floor":31.0,"key":"White Beast Statue"},{"floor":40.0,"key":"FossilizedHelix"},{"floor":43,"key":"Mercury Hourglass"},{"floor":48,"key":"TeardropLocket"}],"event_choices":[{"damage_healed":0.0,"max_hp_gain":0.0,"max_hp_loss":6.0,"gold_gain":0.0,"event_name":"Golden Idol","player_choice":"Lose Max HP","floor":5.0,"gold_loss":0.0,"damage_taken":0.0,"relics_obtained":["Golden Idol"]},{"damage_healed":0.0,"max_hp_gain":0.0,"max_hp_loss":0.0,"gold_gain":0.0,"event_name":"Match and Keep!","player_choice":"0 cards matched","floor":12.0,"gold_loss":0.0,"damage_taken":0.0,"cards_obtained":[]},{"cards_removed":["PathToVictory"],"damage_healed":0.0,"max_hp_gain":0.0,"max_hp_loss":0.0,"gold_gain":0.0,"event_name":"Beggar","player_choice":"Gave Gold","floor":19.0,"gold_loss":75.0,"damage_taken":0.0},{"damage_healed":0.0,"max_hp_gain":0.0,"max_hp_loss":0.0,"gold_gain":0.0,"event_name":"Tomb of Lord Red Mask","player_choice":"Ignored","floor":36.0,"gold_loss":0.0,"damage_taken":0.0},{"damage_healed":49,"gold_gain":0,"player_choice":"Heal","damage_taken":0,"max_hp_gain":0,"max_hp_loss":0,"event_name":"MindBloom","floor":46,"gold_loss":0,"cards_obtained":["Doubt"]}],"is_beta":false,"boss_relics":[{"not_picked":["Snecko Eye","Coffee Dripper"],"picked":"Pandora\u0027s Box"},{"not_picked":["Fusion Hammer","HolyWater"],"picked":"Philosopher\u0027s Stone"}],"items_purged_floors":[27],"is_endless":false,"potions_floor_spawned":[1,10,14,18,24,25,28,33,35,38,39,40,42,45,48],"ascension_level":15}