{"gold_per_floor":[209,179,199,214,214,229,229,249,249,262,288,302,328,328,328,406,406,420,420,152,170,170,196,196,213,263,263,263],"floor_reached":28,"playtime":1075,"items_purged":["Strike_P"],"score":438,"play_id":"d491e27f-52b6-4283-bf27-05b40353c484","local_time":"20210609203014","is_ascension_mode":true,"campfire_choices":[{"data":"Eruption","floor":7.0,"key":"SMITH"},{"data":"Vigilance","floor":15.0,"key":"SMITH"},{"data":"TalkToTheHand","floor":24.0,"key":"SMITH"},{"data":"Adaptation","floor":27,"key":"SMITH"}],"neow_cost":"NONE","seed_source_timestamp":388234093795100,"circlet_count":0,"master_deck":["AscendersBane","Strike_P","Strike_P","Strike_P","Defend_P","Defend_P","Defend_P","Defend_P","Eruption+1","Vigilance+1","Halt","FollowUp","SandsOfTime","WheelKick","ThirdEye","BattleHymn","ClearTheMind","Wallop","EmptyFist","Establishment","EmptyMind","TalkToTheHand+1","Adaptation+1","LikeWater+1"],"special_seed":0,"relics":["PureWater","Bottled Flame","StoneCalendar","Pear","Coffee Dripper","OrangePellets","Yang","PreservedInsect"],"potions_floor_usage":[25],"damage_taken":[{"damage":3.0,"enemies":"Jaw Worm","floor":1.0,"turns":5.0},{"damage":0.0,"enemies":"Cultist","floor":3.0,"turns":2.0},{"damage":4.0,"enemies":"2 Louse","floor":4.0,"turns":4.0},{"damage":10.0,"enemies":"Large Slime","floor":6.0,"turns":5.0},{"damage":0.0,"enemies":"3 Louse","floor":8.0,"turns":4.0},{"damage":1.0,"enemies":"2 Fungi Beasts","floor":10.0,"turns":2.0},{"damage":16.0,"enemies":"Gremlin Nob","floor":11.0,"turns":4.0},{"damage":0.0,"enemies":"Large Slime","floor":12.0,"turns":3.0},{"damage":10.0,"enemies":"3 Sentries","floor":13.0,"turns":7.0},{"damage":9.0,"enemies":"The Guardian","floor":16.0,"turns":7.0},{"damage":4.0,"enemies":"Spheric Guardian","floor":18.0,"turns":4.0},{"damage":2.0,"enemies":"3 Byrds","floor":21.0,"turns":7.0},{"damage":43.0,"enemies":"Gremlin Leader","floor":23.0,"turns":6.0},{"damage":8,"enemies":"Centurion and Healer","floor":25,"turns":6},{"damage":11,"enemies":"Sentry and Sphere","floor":28,"turns":5}],"seed_played":"-2155074465854492191","potions_obtained":[{"floor":1.0,"key":"Fruit Juice"},{"floor":2.0,"key":"DistilledChaos"},{"floor":2.0,"key":"EssenceOfSteel"},{"floor":6.0,"key":"CultistPotion"},{"floor":11.0,"key":"SteroidPotion"},{"floor":21.0,"key":"GamblersBrew"}],"is_trial":false,"path_per_floor":["M","?","M","M","$","M","R","M","T","M","E","M","E","?","R","B",null,"M","?","$","M","?","E","R","M","T","R","M"],"character_chosen":"WATCHER","items_purchased":["OrangePellets","AttackPotion"],"campfire_rested":0,"item_purchase_floors":[20,20],"current_hp_per_floor":[58,63,63,59,59,49,49,49,49,48,32,32,32,32,32,23,68,64,64,64,62,62,19,19,11,11,11,0],"gold":263,"neow_bonus":"HUNDRED_GOLD","is_prod":false,"is_daily":false,"chose_seed":false,"campfire_upgraded":4,"win_rate":0,"timestamp":1623295814,"path_taken":["M","?","M","M","$","?","R","M","T","M","E","M","E","?","R","BOSS","M","?","$","M","?","E","R","M","T","R","M"],"build_version":"2020-12-22","purchased_purges":1,"victory":false,"max_hp_per_floor":[68,73,73,73,73,73,73,73,73,73,73,73,83,83,83,83,83,83,83,83,83,83,83,83,83,83,83,83],"card_choices":[{"not_picked":["Collect","Prostrate"],"picked":"Halt","floor":1.0},{"not_picked":["Fasting2","Prostrate"],"picked":"FollowUp","floor":3.0},{"not_picked":["JustLucky","Crescendo"],"picked":"SandsOfTime","floor":4.0},{"not_picked":["Perseverance","ThirdEye"],"picked":"WheelKick","floor":6.0},{"not_picked":["Consecrate","WreathOfFlame"],"picked":"ThirdEye","floor":8.0},{"not_picked":["Judgement","CutThroughFate"],"picked":"BattleHymn","floor":10.0},{"not_picked":["ThirdEye","CrushJoints"],"picked":"ClearTheMind","floor":11.0},{"not_picked":["Indignation","Omniscience"],"picked":"Wallop","floor":12.0},{"not_picked":["Prostrate","ClearTheMind"],"picked":"EmptyFist","floor":13.0},{"not_picked":["Wish","Omniscience"],"picked":"Establishment","floor":16.0},{"not_picked":["EmptyFist","JustLucky"],"picked":"EmptyMind","floor":18.0},{"not_picked":["Halt","Evaluate"],"picked":"TalkToTheHand","floor":21.0},{"not_picked":["Pray","Indignation"],"picked":"Adaptation","floor":23.0},{"not_picked":["Wallop+1","Evaluate"],"picked":"LikeWater+1","floor":25}],"player_experience":4868976,"relics_obtained":[{"floor":9.0,"key":"Bottled Flame"},{"floor":11.0,"key":"StoneCalendar"},{"floor":13.0,"key":"Pear"},{"floor":23.0,"key":"Yang"},{"floor":26,"key":"PreservedInsect"}],"event_choices":[{"damage_healed":0.0,"max_hp_gain":0.0,"max_hp_loss":0.0,"gold_gain":0.0,"event_name":"The Woman in Blue","player_choice":"Bought 2 Potions","floor":2.0,"gold_loss":0.0,"damage_taken":0.0},{"damage_healed":0.0,"max_hp_gain":0.0,"max_hp_loss":0.0,"gold_gain":0.0,"event_name":"Shining Light","player_choice":"Ignored","floor":14.0,"gold_loss":0.0,"damage_taken":0.0},{"damage_healed":0.0,"max_hp_gain":0.0,"max_hp_loss":0.0,"gold_gain":0.0,"event_name":"The Mausoleum","player_choice":"Ignored","floor":19.0,"gold_loss":0.0,"damage_taken":0.0},{"damage_healed":0.0,"max_hp_gain":0.0,"max_hp_loss":0.0,"gold_gain":0.0,"event_name":"Ghosts","player_choice":"Ignored","floor":22.0,"gold_loss":0.0,"damage_taken":0.0}],"is_beta":false,"boss_relics":[{"not_picked":["Calling Bell","Runic Pyramid"],"picked":"Coffee Dripper"}],"items_purged_floors":[20],"is_endless":false,"potions_floor_spawned":[1,4,6,11,21],"killed_by":"Sentry and Sphere","ascension_level":15}