{"gold_per_floor":[111,111,131,131,147,173,197,197,269,286,312,85,98,129,129,203,203,222,147,1,18,30,30,57,57,57,87,100,100,117,217,217,217],"floor_reached":33,"playtime":1314,"items_purged":["Strike_P"],"score":578,"play_id":"9fdb1378-84a2-4847-bf98-8bf0c408377e","local_time":"20210606193315","is_ascension_mode":true,"campfire_choices":[{"floor":8.0,"key":"REST"},{"floor":15.0,"key":"REST"},{"floor":23.0,"key":"REST"},{"floor":25.0,"key":"REST"},{"floor":29,"key":"REST"},{"floor":32,"key":"REST"}],"neow_cost":"NONE","seed_source_timestamp":0,"circlet_count":0,"master_deck":["AscendersBane","Strike_P","Strike_P","Defend_P","Defend_P","Defend_P","Defend_P","Eruption+1","Vigilance","BowlingBash","FlurryOfBlows","Wallop","MentalFortress","Conclude","FearNoEvil","DeceiveReality","BattleHymn","Vengeance","Halt","Establishment","WaveOfTheHand","CarveReality","Adaptation+1","EmptyFist","Scrawl"],"special_seed":0,"relics":["Fusion Hammer","MealTicket","Art of War","Darkstone Periapt","Pen Nib","Prayer Wheel","Cursed Key","Oddly Smooth Stone","Smiling Mask","GoldenEye","Peace Pipe","StrikeDummy"],"potions_floor_usage":[27,33],"damage_taken":[{"damage":0.0,"enemies":"Cultist","floor":1.0,"turns":3.0},{"damage":2.0,"enemies":"2 Louse","floor":3.0,"turns":2.0},{"damage":13.0,"enemies":"Jaw Worm","floor":5.0,"turns":5.0},{"damage":14.0,"enemies":"Gremlin Nob","floor":6.0,"turns":4.0},{"damage":6.0,"enemies":"Large Slime","floor":10.0,"turns":4.0},{"damage":34.0,"enemies":"Lagavulin","floor":11.0,"turns":5.0},{"damage":9.0,"enemies":"3 Louse","floor":13.0,"turns":2.0},{"damage":0.0,"enemies":"Gremlin Nob","floor":14.0,"turns":3.0},{"damage":15.0,"enemies":"Hexaghost","floor":16.0,"turns":6.0},{"damage":15.0,"enemies":"3 Byrds","floor":18.0,"turns":6.0},{"damage":12.0,"enemies":"Shell Parasite","floor":21.0,"turns":4.0},{"damage":13.0,"enemies":"Centurion and Healer","floor":22.0,"turns":4.0},{"damage":51.0,"enemies":"Slavers","floor":24.0,"turns":5.0},{"damage":8,"enemies":"Book of Stabbing","floor":27,"turns":3},{"damage":0,"enemies":"Shelled Parasite and Fungi","floor":28,"turns":3},{"damage":1,"enemies":"Chosen and Byrds","floor":30,"turns":4},{"damage":4,"enemies":"Colosseum Slavers","floor":31,"turns":3},{"damage":5,"enemies":"Colosseum Nobs","floor":31,"turns":4},{"damage":94,"enemies":"Champ","floor":33,"turns":10}],"seed_played":"6763534726810377483","potions_obtained":[{"floor":10.0,"key":"Strength Potion"},{"floor":14.0,"key":"Ambrosia"},{"floor":16.0,"key":"Energy Potion"},{"floor":27,"key":"Weak Potion"},{"floor":30,"key":"Dexterity Potion"}],"is_trial":false,"path_per_floor":["M","?","M","?","M","E","T","R","T","M","E","$","M","E","R","B",null,"M","?","$","M","M","R","E","R","T","E","M","R","M","?","R","B"],"character_chosen":"WATCHER","items_purchased":["DeceiveReality","BattleHymn","Oddly Smooth Stone"],"campfire_rested":6,"item_purchase_floors":[12,12,20],"current_hp_per_floor":[61,61,59,59,46,32,32,52,52,46,12,27,18,18,38,23,57,42,42,57,45,32,52,1,21,21,13,13,33,32,23,43,0],"gold":217,"neow_bonus":"BOSS_RELIC","is_prod":false,"is_daily":false,"chose_seed":false,"campfire_upgraded":0,"win_rate":0,"timestamp":1623033195,"path_taken":["M","?","M","?","M","E","?","R","T","M","E","$","M","E","R","BOSS","M","?","$","M","M","R","E","R","T","E","M","R","M","?","R","BOSS"],"build_version":"2020-12-22","purchased_purges":1,"victory":false,"max_hp_per_floor":[68,68,68,68,68,68,68,68,68,68,68,68,68,68,68,68,68,68,68,68,68,68,68,68,68,68,68,68,68,68,68,68,68],"card_choices":[{"not_picked":["FlyingSleeves","Indignation"],"picked":"BowlingBash","floor":1.0},{"not_picked":["ClearTheMind","WindmillStrike"],"picked":"FlurryOfBlows","floor":3.0},{"not_picked":["SandsOfTime","Halt"],"picked":"Wallop","floor":5.0},{"not_picked":["EmptyFist","WindmillStrike"],"picked":"MentalFortress","floor":6.0},{"not_picked":["Halt","ThirdEye"],"picked":"Conclude","floor":10.0},{"not_picked":["EmptyMind","DeceiveReality"],"picked":"FearNoEvil","floor":11.0},{"not_picked":["FlurryOfBlows","Wallop"],"picked":"Vengeance","floor":13.0},{"not_picked":["ThirdEye","SignatureMove"],"picked":"Halt","floor":14.0},{"not_picked":["Judgement","Scrawl"],"picked":"Establishment","floor":16.0},{"not_picked":["ClearTheMind","FollowUp"],"picked":"WaveOfTheHand","floor":18.0},{"not_picked":["Wireheading","Halt","BattleHymn+1"],"picked":"SKIP","floor":18.0},{"not_picked":["FlyingSleeves","JustLucky"],"picked":"CarveReality","floor":21.0},{"not_picked":["Prostrate","Conclude+1","Weave"],"picked":"SKIP","floor":21.0},{"not_picked":["Halt","BowlingBash","Swivel"],"picked":"SKIP","floor":22.0},{"not_picked":["Worship","FlurryOfBlows","Evaluate"],"picked":"SKIP","floor":22.0},{"not_picked":["MasterReality","SashWhip"],"picked":"Adaptation+1","floor":24.0},{"not_picked":["Crescendo+1","WheelKick"],"picked":"EmptyFist","floor":27},{"not_picked":["Collect+1","JustLucky+1","FollowUp"],"picked":"SKIP","floor":28},{"not_picked":["FlyingSleeves","BowlingBash","SignatureMove"],"picked":"SKIP","floor":28},{"not_picked":["Evaluate","Prostrate"],"picked":"Scrawl","floor":30},{"not_picked":["PathToVictory","CutThroughFate","CrushJoints"],"picked":"SKIP","floor":30}],"player_experience":4857653,"relics_obtained":[{"floor":6.0,"key":"MealTicket"},{"floor":7.0,"key":"Art of War"},{"floor":9.0,"key":"Darkstone Periapt"},{"floor":11.0,"key":"Pen Nib"},{"floor":14.0,"key":"Prayer Wheel"},{"floor":24.0,"key":"Smiling Mask"},{"floor":27,"key":"GoldenEye"},{"floor":31,"key":"Peace Pipe"},{"floor":31,"key":"StrikeDummy"}],"event_choices":[{"damage_healed":0.0,"max_hp_gain":0.0,"max_hp_loss":0.0,"gold_gain":0.0,"event_name":"Living Wall","player_choice":"Grow","floor":2.0,"gold_loss":0.0,"damage_taken":0.0,"cards_upgraded":["Eruption"]},{"damage_healed":0.0,"max_hp_gain":0.0,"max_hp_loss":0.0,"gold_gain":0.0,"event_name":"Liars Game","player_choice":"Ignored","floor":4.0,"gold_loss":0.0,"damage_taken":0.0},{"cards_removed":["Strike_P"],"damage_healed":0.0,"max_hp_gain":0.0,"max_hp_loss":0.0,"gold_gain":0.0,"event_name":"Beggar","player_choice":"Gave Gold","floor":19.0,"gold_loss":75.0,"damage_taken":0.0},{"damage_healed":0,"gold_gain":0,"player_choice":"Fight","damage_taken":0,"max_hp_gain":0,"max_hp_loss":0,"event_name":"Colosseum","floor":31,"gold_loss":0},{"damage_healed":0,"gold_gain":0,"player_choice":"Fought Nobs","damage_taken":0,"max_hp_gain":0,"max_hp_loss":0,"event_name":"Colosseum","floor":31,"gold_loss":0}],"is_beta":false,"boss_relics":[{"not_picked":["Astrolabe","SacredBark"],"picked":"Cursed Key"}],"items_purged_floors":[12],"is_endless":false,"potions_floor_spawned":[10,14,16,18,27,28,30],"killed_by":"Champ","ascension_level":15}