{"gold_per_floor":[113,154,68,68,114,114,172,182,182,223,223,235,267,321,321,398,398,441,461,335,335,350,405,405,435,435,451,480,526,585,176,176,249,249,291,210,260,274,78,113,113,153,179,213,225,237,259,285,297,309],"floor_reached":51,"playtime":2345,"items_purged":["Strike_P","Strike_P"],"score":1498,"play_id":"fbd71d3e-10aa-4303-8b0f-f3becb3f8e94","local_time":"20210620163514","is_ascension_mode":true,"campfire_choices":[{"data":"CrushJoints","floor":6.0,"key":"SMITH"},{"data":"MentalFortress","floor":11.0,"key":"SMITH"},{"data":"LikeWater","floor":15,"key":"SMITH"},{"floor":24,"key":"REST"},{"floor":32,"key":"REST"},{"floor":41,"key":"REST"},{"floor":46,"key":"REST"},{"floor":49,"key":"REST"}],"neow_cost":"NONE","seed_source_timestamp":117268298840200,"circlet_count":0,"master_deck":["AscendersBane","Defend_P","Defend_P","Defend_P","Eruption+1","Vigilance","Wish+1","Weave+1","FearNoEvil+1","CrushJoints+1","LikeWater+1","BattleHymn","SandsOfTime","MentalFortress+1","CutThroughFate","ClearTheMind","FearNoEvil","Scrawl","EmptyMind","Crescendo","FlurryOfBlows","TalkToTheHand","EmptyFist","SpiritShield","Fasting2","EmptyBody","CutThroughFate+1","Wallop","InnerPeace","ClearTheMind+1","MentalFortress"],"special_seed":0,"relics":["Astrolabe","Potion Belt","HornCleat","Torii","Fusion Hammer","Kunai","Mercury Hourglass","Singing Bowl","Pear","Darkstone Periapt","Lantern","Sozu","Blood Vial","Question Card","Orichalcum","MawBank"],"potions_floor_usage":[16,19,22,27,28,30,33,50,50,50],"damage_taken":[{"damage":8.0,"enemies":"Small Slimes","floor":1.0,"turns":3.0},{"damage":0.0,"enemies":"2 Louse","floor":2.0,"turns":4.0},{"damage":9.0,"enemies":"Cultist","floor":5.0,"turns":4.0},{"damage":10.0,"enemies":"3 Sentries","floor":7.0,"turns":5.0},{"damage":3.0,"enemies":"Looter","floor":8.0,"turns":4.0},{"damage":0.0,"enemies":"2 Fungi Beasts","floor":10.0,"turns":4.0},{"damage":1,"enemies":"Red Slaver","floor":12,"turns":2},{"damage":0,"enemies":"Gremlin Nob","floor":13,"turns":3},{"damage":19,"enemies":"The Guardian","floor":16,"turns":9},{"damage":12,"enemies":"2 Thieves","floor":18,"turns":4},{"damage":0,"enemies":"Spheric Guardian","floor":19,"turns":2},{"damage":9,"enemies":"3 Cultists","floor":22,"turns":5},{"damage":1,"enemies":"Slavers","floor":23,"turns":5},{"damage":1,"enemies":"Book of Stabbing","floor":25,"turns":5},{"damage":7,"enemies":"Chosen and Byrds","floor":27,"turns":3},{"damage":0,"enemies":"Gremlin Leader","floor":28,"turns":4},{"damage":0,"enemies":"Snecko","floor":29,"turns":4},{"damage":8,"enemies":"Book of Stabbing","floor":30,"turns":3},{"damage":19,"enemies":"Automaton","floor":33,"turns":8},{"damage":1,"enemies":"Orb Walker","floor":35,"turns":3},{"damage":7,"enemies":"3 Shapes","floor":37,"turns":6},{"damage":19,"enemies":"3 Darklings","floor":38,"turns":4},{"damage":13,"enemies":"Nemesis","floor":40,"turns":5},{"damage":0,"enemies":"Jaw Worm Horde","floor":42,"turns":3},{"damage":3,"enemies":"Reptomancer","floor":44,"turns":6},{"damage":0,"enemies":"Transient","floor":47,"turns":5},{"damage":0,"enemies":"3 Darklings","floor":48,"turns":5},{"damage":9,"enemies":"Donu and Deca","floor":50,"turns":6}],"seed_played":"1487091064585874449","potions_obtained":[{"floor":2.0,"key":"BottledMiracle"},{"floor":8.0,"key":"BottledMiracle"},{"floor":10.0,"key":"Energy Potion"},{"floor":12,"key":"Dexterity Potion"},{"floor":13,"key":"GamblersBrew"},{"floor":19,"key":"Fire Potion"},{"floor":23,"key":"Fire Potion"},{"floor":27,"key":"Swift Potion"},{"floor":28,"key":"Energy Potion"},{"floor":29,"key":"PowerPotion"}],"is_trial":false,"path_per_floor":["M","M","$","?","M","R","E","M","T","M","R","M","E","?","R","B",null,"M","M","$","?","M","E","R","E","T","M","E","M","E","$","R","B",null,"M","$","M","M","$","E","R","M","T","E","?","R","M","M","R","B",null],"character_chosen":"WATCHER","items_purchased":["LikeWater","Fire Potion","Swift Potion","TalkToTheHand","Lantern","EmptyFist","Strength Potion","Fasting2","EmptyBody","Blood Vial"],"campfire_rested":5,"item_purchase_floors":[3,3,20,31,31,31,31,36,39,39],"current_hp_per_floor":[53,53,53,53,44,44,34,31,31,31,31,30,30,30,30,11,54,42,42,42,42,33,32,52,51,51,46,58,60,54,54,79,60,80,81,81,76,59,59,48,75,77,77,78,78,94,94,94,94,85],"gold":321,"neow_bonus":"BOSS_RELIC","is_prod":false,"is_daily":false,"chose_seed":false,"campfire_upgraded":3,"win_rate":0,"timestamp":1624232114,"path_taken":["M","M","$","?","M","R","E","M","T","M","R","M","E","?","R","BOSS","M","M","$","?","M","E","R","E","T","M","E","M","E","$","R","BOSS","M","$","M","M","$","E","R","M","T","E","?","R","M","M","R","BOSS"],"build_version":"2020-12-22","purchased_purges":2,"victory":true,"max_hp_per_floor":[68,68,68,68,68,68,68,68,68,68,68,68,68,68,68,68,68,68,68,68,68,68,68,68,68,68,70,82,84,86,86,86,86,86,88,88,90,92,92,92,92,92,92,94,94,94,94,94,94,94],"card_choices":[{"not_picked":["SashWhip","Meditate"],"picked":"CrushJoints","floor":1.0},{"not_picked":["Halt","WaveOfTheHand"],"picked":"JustLucky","floor":2.0},{"not_picked":["Adaptation","Halt"],"picked":"BattleHymn","floor":5.0},{"not_picked":["Sanctity","Halt"],"picked":"SandsOfTime","floor":7.0},{"not_picked":["ReachHeaven","Conclude"],"picked":"MentalFortress","floor":8.0},{"not_picked":["SashWhip","Protect"],"picked":"CutThroughFate","floor":10.0},{"not_picked":["Conclude","Sanctity"],"picked":"ClearTheMind","floor":12},{"not_picked":["LikeWater","Blasphemy"],"picked":"FearNoEvil","floor":13},{"not_picked":["Ragnarok","LessonLearned"],"picked":"Scrawl","floor":16},{"not_picked":["Wireheading","CrushJoints"],"picked":"EmptyMind","floor":18},{"not_picked":["CutThroughFate","Indignation","Evaluate"],"picked":"SKIP","floor":19},{"not_picked":["Vengeance","Prostrate"],"picked":"Crescendo","floor":22},{"not_picked":["Perseverance","WindmillStrike","FlyingSleeves"],"picked":"SKIP","floor":23},{"not_picked":["Protect","Evaluate"],"picked":"FlurryOfBlows","floor":25},{"not_picked":["FollowUp","JustLucky","ClearTheMind"],"picked":"Singing Bowl","floor":27},{"not_picked":["ClearTheMind","CrushJoints","Fasting2"],"picked":"Singing Bowl","floor":28},{"not_picked":["EmptyMind","CutThroughFate","Collect"],"picked":"Singing Bowl","floor":29},{"not_picked":["Prostrate+1","WreathOfFlame","ClearTheMind"],"picked":"Singing Bowl","floor":30},{"not_picked":["Brilliance","Alpha"],"picked":"SpiritShield","floor":33},{"not_picked":["JustLucky","FlurryOfBlows","PathToVictory"],"picked":"Singing Bowl","floor":35},{"not_picked":["JustLucky+1","FollowUp","Crescendo"],"picked":"Singing Bowl","floor":37},{"not_picked":["Weave+1","Conclude","Fasting2"],"picked":"Singing Bowl","floor":38},{"not_picked":["Blasphemy","WindmillStrike"],"picked":"CutThroughFate+1","floor":40},{"not_picked":["SashWhip","JustLucky","EmptyBody"],"picked":"Wallop","floor":42},{"not_picked":["FollowUp","CutThroughFate","EmptyFist+1","Crescendo"],"picked":"Singing Bowl","floor":44},{"not_picked":["EmptyBody+1","FlyingSleeves","Consecrate"],"picked":"ClearTheMind+1","floor":47},{"not_picked":["CutThroughFate+1","Blasphemy","SandsOfTime"],"picked":"MentalFortress","floor":48}],"player_experience":4893865,"relics_obtained":[{"floor":7.0,"key":"Potion Belt"},{"floor":9.0,"key":"HornCleat"},{"floor":13,"key":"Torii"},{"floor":23,"key":"Kunai"},{"floor":25,"key":"Mercury Hourglass"},{"floor":26,"key":"Singing Bowl"},{"floor":28,"key":"Pear"},{"floor":30,"key":"Darkstone Periapt"},{"floor":40,"key":"Question Card"},{"floor":43,"key":"Orichalcum"},{"floor":44,"key":"MawBank"}],"event_choices":[{"damage_healed":0.0,"max_hp_gain":0.0,"max_hp_loss":0.0,"gold_gain":0.0,"event_name":"Living Wall","player_choice":"Grow","floor":4.0,"gold_loss":0.0,"damage_taken":0.0,"cards_upgraded":["Eruption"]},{"damage_healed":0,"gold_gain":54,"player_choice":"Gained Gold","damage_taken":0,"max_hp_gain":0,"max_hp_loss":0,"event_name":"Golden Wing","floor":14,"gold_loss":0},{"damage_healed":0,"gold_gain":0,"player_choice":"Ignored","damage_taken":0,"max_hp_gain":0,"max_hp_loss":0,"event_name":"Ghosts","floor":21,"gold_loss":0},{"damage_healed":0,"gold_gain":0,"cards_transformed":["JustLucky"],"player_choice":"Transformed","damage_taken":0,"max_hp_gain":0,"max_hp_loss":0,"event_name":"Transmorgrifier","floor":45,"gold_loss":0,"cards_obtained":["InnerPeace"]}],"is_beta":false,"boss_relics":[{"not_picked":["Black Star","Empty Cage"],"picked":"Fusion Hammer"},{"not_picked":["Tiny House","Runic Dome"],"picked":"Sozu"}],"items_purged_floors":[20,31],"is_endless":false,"potions_floor_spawned":[2,8,10,12,13,19,23,27,28,29,37,38,42,47,48],"ascension_level":15}