{"gold_per_floor":[119,119,269,269,156,197,197,222,222,244,267,294,323,350,350,432,432,452,452,462,491,242,242,157,206,243,281,293,319,146,160,160,248,257,302,322,376,91,91,91,123,148,173,194,194,205,0,23,32,32],"floor_reached":50,"playtime":7885,"items_purged":["Doubt","Strike_P","Strike_P"],"score":944,"play_id":"21cb4557-174a-4610-b1e2-f6654adafc87","local_time":"20210727212206","is_ascension_mode":true,"campfire_choices":[{"floor":7.0,"key":"REST"},{"data":"Vigilance","floor":15.0,"key":"SMITH"},{"floor":23.0,"key":"REST"},{"floor":28.0,"key":"REST"},{"floor":32.0,"key":"REST"},{"data":"Wish","floor":40.0,"key":"SMITH"},{"floor":49.0,"key":"REST"}],"neow_cost":"NONE","seed_source_timestamp":0,"circlet_count":0,"master_deck":["AscendersBane","Strike_P","Strike_P+1","Defend_P","Defend_P","Defend_P","Defend_P","Eruption+1","Vigilance+1","Meditate","SandsOfTime","Protect+1","ReachHeaven","FlurryOfBlows","EmptyBody","DevaForm","Halt","Consecrate","Scrawl","Halt+1","Sanctity","Wish+1","Crescendo+1","TalkToTheHand","DeusExMachina","CurseOfTheBell","CutThroughFate+1","WheelKick","TalkToTheHand","FearNoEvil","FlurryOfBlows+1","TalkToTheHand","Crescendo","Scrawl"],"special_seed":0,"relics":["PureWater","CeramicFish","Meat on the Bone","VioletLotus","Lantern","MawBank","Ancient Tea Set","Centennial Puzzle","Calling Bell","Dream Catcher","Kunai","Bird Faced Urn","War Paint","Art of War","Bag of Preparation","Red Mask"],"potions_floor_usage":[50],"damage_taken":[{"damage":0.0,"enemies":"2 Louse","floor":1.0,"turns":3.0},{"damage":0.0,"enemies":"Gremlin Nob","floor":6.0,"turns":2.0},{"damage":0.0,"enemies":"Jaw Worm","floor":8.0,"turns":3.0},{"damage":0.0,"enemies":"Cultist","floor":10.0,"turns":3.0},{"damage":3.0,"enemies":"Looter","floor":11.0,"turns":2.0},{"damage":4.0,"enemies":"Blue Slaver","floor":12.0,"turns":3.0},{"damage":0.0,"enemies":"2 Fungi Beasts","floor":13.0,"turns":3.0},{"damage":0.0,"enemies":"Exordium Thugs","floor":14.0,"turns":3.0},{"damage":6.0,"enemies":"The Guardian","floor":16.0,"turns":12.0},{"damage":17.0,"enemies":"Spheric Guardian","floor":18.0,"turns":4.0},{"damage":5.0,"enemies":"Shell Parasite","floor":20.0,"turns":4.0},{"damage":1.0,"enemies":"Centurion and Healer","floor":21.0,"turns":4.0},{"damage":28.0,"enemies":"Book of Stabbing","floor":25.0,"turns":5.0},{"damage":0.0,"enemies":"Sentry and Sphere","floor":27.0,"turns":3.0},{"damage":2.0,"enemies":"Snecko","floor":29.0,"turns":4.0},{"damage":1.0,"enemies":"Snake Plant","floor":31.0,"turns":6.0},{"damage":42.0,"enemies":"Champ","floor":33.0,"turns":15.0},{"damage":19.0,"enemies":"3 Shapes","floor":35.0,"turns":10.0},{"damage":9.0,"enemies":"Orb Walker","floor":36.0,"turns":3.0},{"damage":29.0,"enemies":"Spire Growth","floor":37.0,"turns":8.0},{"damage":59.0,"enemies":"Reptomancer","floor":41.0,"turns":10.0},{"damage":10.0,"enemies":"Writhing Mass","floor":42.0,"turns":10.0},{"damage":12.0,"enemies":"3 Darklings","floor":44.0,"turns":5.0},{"damage":4.0,"enemies":"Transient","floor":46.0,"turns":5.0},{"damage":1.0,"enemies":"Jaw Worm Horde","floor":48.0,"turns":4.0},{"damage":56,"enemies":"Awakened One","floor":50,"turns":5}],"seed_played":"-6423374263932367874","potions_obtained":[{"floor":0.0,"key":"EntropicBrew"},{"floor":0.0,"key":"Fruit Juice"},{"floor":0.0,"key":"BlessingOfTheForge"},{"floor":8.0,"key":"Dexterity Potion"},{"floor":16.0,"key":"Fire Potion"},{"floor":25.0,"key":"LiquidBronze"},{"floor":27.0,"key":"Dexterity Potion"},{"floor":36.0,"key":"SpeedPotion"},{"floor":42.0,"key":"ColorlessPotion"},{"floor":44.0,"key":"Energy Potion"},{"floor":48.0,"key":"SmokeBomb"}],"is_trial":false,"path_per_floor":["M","?","?","?","$","E","R","M","T","M","M","M","M","M","R","B",null,"M","?","M","M","$","R","?","E","T","M","R","M","$","M","R","B",null,"M","M","M","$","?","R","E","M","T","M","?","M","?","M","R","B"],"character_chosen":"WATCHER","items_purchased":["SandsOfTime","Lantern","TalkToTheHand","War Paint","TalkToTheHand","FearNoEvil","Explosive Potion"],"campfire_rested":5,"item_purchase_floors":[5,22,30,38,38,38,38],"current_hp_per_floor":[66,66,66,44,44,44,65,65,65,65,62,58,58,58,58,52,68,51,51,46,45,45,66,66,38,38,38,59,57,57,56,73,43,66,49,40,23,23,60,60,13,17,17,21,21,31,31,32,50,0],"gold":32,"neow_bonus":"THREE_SMALL_POTIONS","is_prod":false,"is_daily":false,"chose_seed":false,"campfire_upgraded":2,"win_rate":0,"timestamp":1627446126,"path_taken":["M","?","?","?","$","E","R","M","T","M","M","M","M","M","R","BOSS","M","?","?","M","$","R","?","E","T","M","R","M","$","M","R","BOSS","M","M","M","$","?","R","E","M","T","M","?","?","?","M","R","BOSS"],"build_version":"2020-12-22","purchased_purges":3,"victory":false,"max_hp_per_floor":[73,73,73,73,73,73,73,73,73,73,73,73,73,73,73,73,73,73,73,73,73,73,73,73,73,73,73,73,73,73,73,73,73,73,73,73,73,73,60,60,60,60,60,60,60,60,60,60,60,60],"card_choices":[{"not_picked":["ClearTheMind","Sanctity"],"picked":"Meditate","floor":1.0},{"not_picked":["Swivel","Brilliance"],"picked":"Protect","floor":6.0},{"not_picked":["DeceiveReality","CrushJoints"],"picked":"ReachHeaven","floor":8.0},{"not_picked":["Evaluate","SashWhip"],"picked":"FlurryOfBlows","floor":10.0},{"not_picked":["Consecrate","Weave"],"picked":"EmptyBody","floor":11.0},{"not_picked":["WindmillStrike","FlurryOfBlows"],"picked":"DevaForm","floor":12.0},{"not_picked":["FlyingSleeves","CrushJoints"],"picked":"Halt","floor":13.0},{"not_picked":["ThirdEye","Prostrate"],"picked":"Consecrate","floor":14.0},{"not_picked":["ConjureBlade","SpiritShield"],"picked":"Scrawl","floor":16.0},{"not_picked":["WheelKick","ClearTheMind"],"picked":"Halt+1","floor":18.0},{"not_picked":["Prostrate","Consecrate","EmptyBody"],"picked":"SKIP","floor":20.0},{"not_picked":["Weave","Evaluate"],"picked":"Sanctity","floor":21.0},{"not_picked":["ThirdEye","WindmillStrike"],"picked":"Wish","floor":25.0},{"not_picked":["LikeWater","CrushJoints"],"picked":"Crescendo","floor":27.0},{"not_picked":["FlurryOfBlows","Crescendo","FlyingSleeves"],"picked":"SKIP","floor":29.0},{"not_picked":["FlurryOfBlows","MasterReality","Consecrate"],"picked":"SKIP","floor":31.0},{"not_picked":["Blasphemy","Brilliance"],"picked":"DeusExMachina","floor":33.0},{"not_picked":["Meditate","Halt"],"picked":"EmptyFist","floor":35.0},{"not_picked":["Fasting2","FlyingSleeves"],"picked":"CutThroughFate+1","floor":36.0},{"not_picked":["Worship+1","Crescendo"],"picked":"WheelKick","floor":37.0},{"not_picked":["PathToVictory","Brilliance","Halt"],"picked":"SKIP","floor":41.0},{"not_picked":["BowlingBash","EmptyFist"],"picked":"FlurryOfBlows+1","floor":42.0},{"not_picked":["Meditate+1","Worship+1"],"picked":"TalkToTheHand","floor":44.0},{"not_picked":["CutThroughFate","Consecrate","EmptyBody"],"picked":"SKIP","floor":46.0},{"not_picked":["SignatureMove","ReachHeaven"],"picked":"Crescendo","floor":48.0},{"not_picked":["Consecrate","SandsOfTime"],"picked":"Scrawl","floor":49.0}],"player_experience":4912051,"relics_obtained":[{"floor":6.0,"key":"CeramicFish"},{"floor":9.0,"key":"Meat on the Bone"},{"floor":25.0,"key":"Ancient Tea Set"},{"floor":26.0,"key":"Centennial Puzzle"},{"floor":34.0,"key":"Dream Catcher"},{"floor":34.0,"key":"Kunai"},{"floor":34.0,"key":"Bird Faced Urn"},{"floor":41.0,"key":"Art of War"},{"floor":43.0,"key":"Bag of Preparation"}],"event_choices":[{"damage_healed":0.0,"max_hp_gain":0.0,"max_hp_loss":0.0,"gold_gain":0.0,"event_name":"The Cleric","player_choice":"Leave","floor":2.0,"gold_loss":0.0,"damage_taken":0.0},{"damage_healed":0.0,"max_hp_gain":0.0,"max_hp_loss":0.0,"gold_gain":150.0,"event_name":"Liars Game","player_choice":"AGREE","floor":3.0,"gold_loss":0.0,"damage_taken":0.0,"cards_obtained":["Doubt"]},{"damage_healed":0.0,"max_hp_gain":0.0,"max_hp_loss":0.0,"gold_gain":0.0,"event_name":"Shining Light","player_choice":"Entered Light","floor":4.0,"gold_loss":0.0,"damage_taken":22.0,"cards_upgraded":["Strike_P","Eruption"]},{"damage_healed":0.0,"max_hp_gain":0.0,"max_hp_loss":0.0,"gold_gain":0.0,"event_name":"Lab","player_choice":"Got Potions","floor":19.0,"gold_loss":0.0,"damage_taken":0.0},{"damage_healed":0.0,"max_hp_gain":0.0,"max_hp_loss":0.0,"gold_gain":0.0,"event_name":"Addict","player_choice":"Obtained Relic","floor":24.0,"gold_loss":85.0,"damage_taken":0.0,"relics_obtained":["MawBank"]},{"damage_healed":60.0,"max_hp_gain":0.0,"max_hp_loss":13.0,"gold_gain":0.0,"event_name":"The Moai Head","player_choice":"Heal","floor":39.0,"gold_loss":0.0,"damage_taken":0.0},{"cards_removed":["EmptyFist"],"damage_healed":0.0,"max_hp_gain":0.0,"max_hp_loss":0.0,"gold_gain":0.0,"event_name":"Falling","player_choice":"Removed Attack","floor":45.0,"gold_loss":0.0,"damage_taken":0.0},{"damage_healed":0.0,"max_hp_gain":0.0,"max_hp_loss":0.0,"gold_gain":0.0,"event_name":"Tomb of Lord Red Mask","player_choice":"Paid","floor":47.0,"gold_loss":205.0,"damage_taken":0.0,"relics_obtained":["Red Mask"]}],"is_beta":false,"boss_relics":[{"not_picked":["Empty Cage","Cursed Key"],"picked":"VioletLotus"},{"not_picked":["Black Star","Pandora\u0027s Box"],"picked":"Calling Bell"}],"items_purged_floors":[5,22,30],"is_endless":false,"potions_floor_spawned":[1,8,12,16,18,25,27,31,36,42,44,48],"killed_by":"Awakened One","ascension_level":15}