{"gold_per_floor":[14,14,29,29,52,85,85,128,128,155,191,128,171,215,215,309,309,325,325,349,370,370,406,406,441,441,85,108,108,152,31,31,31],"floor_reached":33,"playtime":2718,"items_purged":["Strike_P","Strike_P"],"score":613,"play_id":"05cf19b0-bb06-4f5c-b787-f0d62a9b2d14","local_time":"20220304222733","is_ascension_mode":true,"campfire_choices":[{"data":"Vigilance","floor":7.0,"key":"SMITH"},{"data":"CrushJoints","floor":15.0,"key":"SMITH"},{"floor":24.0,"key":"REST"},{"floor":29.0,"key":"REST"},{"floor":32.0,"key":"REST"}],"neow_cost":"NO_GOLD","seed_source_timestamp":51441101374800,"circlet_count":0,"master_deck":["AscendersBane","Strike_P","Strike_P","Defend_P","Defend_P","Defend_P","Defend_P","Eruption+1","Vigilance+1","Ragnarok","CrushJoints+1","EmptyMind","FearNoEvil","BowlingBash","DeceiveReality","Devotion","Halt","Crescendo","DeusExMachina","CurseOfTheBell","ClearTheMind","Consecrate+1","FlyingSleeves","LessonLearned","ReachHeaven","Tantrum","Vault","EmptyBody","InnerPeace"],"special_seed":0,"relics":["PureWater","Golden Idol","Toy Ornithopter","Question Card","MawBank","Pen Nib","Calling Bell","Damaru","Pantograph","Bird Faced Urn","MutagenicStrength","Singing Bowl","InkBottle","Blue Candle","TeardropLocket","Dream Catcher"],"potions_floor_usage":[33],"damage_taken":[{"damage":4.0,"enemies":"2 Louse","floor":1.0,"turns":2.0},{"damage":0.0,"enemies":"Small Slimes","floor":3.0,"turns":1.0},{"damage":0.0,"enemies":"Jaw Worm","floor":5.0,"turns":2.0},{"damage":9.0,"enemies":"3 Sentries","floor":6.0,"turns":8.0},{"damage":0.0,"enemies":"Gremlin Nob","floor":8.0,"turns":2.0},{"damage":6.0,"enemies":"Exordium Thugs","floor":10.0,"turns":3.0},{"damage":7.0,"enemies":"Large Slime","floor":11.0,"turns":3.0},{"damage":7.0,"enemies":"Exordium Wildlife","floor":13.0,"turns":5.0},{"damage":1.0,"enemies":"Lagavulin","floor":14.0,"turns":7.0},{"damage":38.0,"enemies":"Hexaghost","floor":16.0,"turns":8.0},{"damage":2.0,"enemies":"Chosen","floor":18.0,"turns":3.0},{"damage":7.0,"enemies":"Shell Parasite","floor":20.0,"turns":6.0},{"damage":22.0,"enemies":"Shelled Parasite and Fungi","floor":21.0,"turns":4.0},{"damage":31.0,"enemies":"Gremlin Leader","floor":23.0,"turns":6.0},{"damage":12.0,"enemies":"Slavers","floor":25.0,"turns":5.0},{"damage":0.0,"enemies":"Centurion and Healer","floor":28.0,"turns":5.0},{"damage":28.0,"enemies":"Book of Stabbing","floor":30.0,"turns":4.0},{"damage":124,"enemies":"Automaton","floor":33,"turns":7}],"seed_played":"-3599610583232016058","potions_obtained":[{"floor":3.0,"key":"AttackPotion"},{"floor":6.0,"key":"DuplicationPotion"},{"floor":11.0,"key":"ColorlessPotion"},{"floor":13.0,"key":"BottledMiracle"},{"floor":21.0,"key":"PowerPotion"},{"floor":25.0,"key":"DistilledChaos"},{"floor":30.0,"key":"Dexterity Potion"}],"is_trial":false,"path_per_floor":["M","?","M","?","M","E","R","E","T","M","M","$","M","E","R","B",null,"M","?","M","M","?","E","R","E","T","$","M","R","E","$","R","B"],"character_chosen":"WATCHER","items_purchased":["TeardropLocket","Vault","EmptyBody"],"campfire_rested":3,"item_purchase_floors":[27,31,31],"current_hp_per_floor":[57,57,57,57,57,48,48,48,48,47,40,40,38,42,42,4,48,48,48,43,23,23,3,22,12,12,12,19,38,12,12,31,0],"gold":31,"neow_bonus":"THREE_RARE_CARDS","is_prod":false,"is_daily":false,"chose_seed":false,"campfire_upgraded":2,"win_rate":0,"timestamp":1646461653,"path_taken":["M","?","M","?","M","E","R","E","T","M","M","?","M","E","R","BOSS","M","?","M","M","?","E","R","E","T","$","M","R","E","?","R","BOSS"],"build_version":"2022-02-27","purchased_purges":2,"victory":false,"max_hp_per_floor":[68,68,68,62,62,62,62,62,62,62,62,62,62,62,62,62,62,62,62,62,62,62,64,64,64,64,64,64,64,64,64,64,64],"card_choices":[{"not_picked":["Omniscience","DevaForm"],"picked":"Ragnarok","floor":0.0},{"not_picked":["Vengeance","JustLucky"],"picked":"CrushJoints","floor":1.0},{"not_picked":["FlyingSleeves","Worship"],"picked":"EmptyMind","floor":3.0},{"not_picked":["Prostrate","WaveOfTheHand"],"picked":"FearNoEvil","floor":5.0},{"not_picked":["Evaluate","WindmillStrike"],"picked":"BowlingBash","floor":6.0},{"not_picked":["Halt","Prostrate"],"picked":"DeceiveReality","floor":8.0},{"not_picked":["BowlingBash","Evaluate","Perseverance"],"picked":"Devotion","floor":10.0},{"not_picked":["Crescendo","WindmillStrike","BowlingBash"],"picked":"Halt","floor":11.0},{"not_picked":["CrushJoints","Protect","Halt","BowlingBash"],"picked":"SKIP","floor":13.0},{"not_picked":["WaveOfTheHand","SashWhip","MasterReality"],"picked":"Crescendo","floor":14.0},{"not_picked":["Judgement","ConjureBlade","Wish"],"picked":"DeusExMachina","floor":16.0},{"not_picked":["BowlingBash","FearNoEvil","ThirdEye"],"picked":"ClearTheMind","floor":18.0},{"not_picked":["ClearTheMind","Indignation","SignatureMove"],"picked":"Consecrate","floor":20.0},{"not_picked":["Indignation","ClearTheMind","Swivel"],"picked":"FlyingSleeves","floor":21.0},{"not_picked":["Worship+1","PathToVictory","JustLucky","Evaluate"],"picked":"Singing Bowl","floor":23.0},{"not_picked":["InnerPeace","Halt","ThirdEye"],"picked":"LessonLearned","floor":25.0},{"not_picked":["PathToVictory","Vengeance","FollowUp"],"picked":"ReachHeaven","floor":28.0},{"not_picked":["Crescendo","Meditate","ForeignInfluence"],"picked":"Tantrum","floor":30.0},{"not_picked":["FollowUp","Halt","LikeWater"],"picked":"InnerPeace","floor":32.0}],"player_experience":5061589,"relics_obtained":[{"floor":6.0,"key":"Toy Ornithopter"},{"floor":8.0,"key":"Question Card"},{"floor":9.0,"key":"MawBank"},{"floor":14.0,"key":"Pen Nib"},{"floor":17.0,"key":"Damaru"},{"floor":17.0,"key":"Pantograph"},{"floor":17.0,"key":"Bird Faced Urn"},{"floor":23.0,"key":"Singing Bowl"},{"floor":25.0,"key":"InkBottle"},{"floor":26.0,"key":"Blue Candle"},{"floor":30.0,"key":"Dream Catcher"}],"event_choices":[{"damage_healed":0.0,"max_hp_gain":0.0,"max_hp_loss":0.0,"gold_gain":0.0,"event_name":"Living Wall","player_choice":"Grow","floor":2.0,"gold_loss":0.0,"damage_taken":0.0,"cards_upgraded":["Eruption"]},{"damage_healed":0.0,"max_hp_gain":0.0,"max_hp_loss":6.0,"gold_gain":0.0,"event_name":"Golden Idol","player_choice":"Lose Max HP","floor":4.0,"gold_loss":0.0,"damage_taken":0.0,"relics_obtained":["Golden Idol"]},{"damage_healed":0.0,"max_hp_gain":0.0,"max_hp_loss":0.0,"gold_gain":0.0,"event_name":"The Mausoleum","player_choice":"Ignored","floor":19.0,"gold_loss":0.0,"damage_taken":0.0},{"damage_healed":0.0,"max_hp_gain":0.0,"max_hp_loss":0.0,"gold_gain":0.0,"event_name":"Drug Dealer","player_choice":"Inject Mutagens","floor":22.0,"gold_loss":0.0,"damage_taken":0.0,"relics_obtained":["MutagenicStrength"]}],"is_beta":false,"boss_relics":[{"not_picked":["Sozu","Velvet Choker"],"picked":"Calling Bell"}],"items_purged_floors":[12,27],"is_endless":false,"potions_floor_spawned":[3,6,11,13,21,25,30],"killed_by":"Automaton","ascension_level":15}