{"gold_per_floor":[109,121,140,140,17,17,48,48,72,72,107,122,150,163,163,235,235,255,14,28,28,46,88,88,124,151,192,204,240,294,321,333,431,443,478,508,410,198,221,221,262,262,289,306,326,361,38,80,80,80],"floor_reached":51,"playtime":3423,"items_purged":["Strike_P","Strike_P"],"score":1605,"play_id":"d68884ca-f48e-4594-b466-7ba7be7b152d","local_time":"20220424133403","is_ascension_mode":true,"campfire_choices":[{"data":"CrushJoints","floor":8.0,"key":"SMITH"},{"data":"Adaptation","floor":10.0,"key":"SMITH"},{"data":"TalkToTheHand","floor":15.0,"key":"SMITH"},{"data":"MentalFortress","floor":24.0,"key":"SMITH"},{"floor":32.0,"key":"REST"},{"data":"WaveOfTheHand","floor":40,"key":"SMITH"},{"data":"Fasting2","floor":42,"key":"SMITH"},{"floor":49,"key":"REST"}],"neow_cost":"NONE","seed_source_timestamp":18834122535900,"circlet_count":0,"master_deck":["AscendersBane","Strike_P+1","Defend_P","Defend_P","Defend_P+1","Eruption+1","Vigilance+1","FlurryOfBlows","Adaptation+1","JustLucky+1","ThirdEye+1","ReachHeaven","CrushJoints+1","Meditate+1","TalkToTheHand+1","BowlingBash+1","Tantrum","LessonLearned","CurseOfTheBell","MentalFortress+1","Master of Strategy","EmptyFist","InnerPeace+1","EmptyBody","Perseverance+1","EmptyMind+1","LikeWater","DevaForm","TalkToTheHand","Fasting2+1","WaveOfTheHand+1","CutThroughFate+1","Consecrate","Crescendo+1","ClearTheMind","Wallop"],"special_seed":0,"relics":["PureWater","Akabeko","War Paint","Bag of Preparation","Centennial Puzzle","Calling Bell","Smiling Mask","Blue Candle","CaptainsWheel","CeramicFish","Blood Vial","MawBank","Singing Bowl","Pear","SlaversCollar","Damaru","The Courier","Bag of Marbles","Potion Belt","Strawberry","Happy Flower","Ice Cream"],"potions_floor_usage":[38,41,50,50],"damage_taken":[{"damage":7.0,"enemies":"Jaw Worm","floor":1.0,"turns":4.0},{"damage":1.0,"enemies":"Cultist","floor":2.0,"turns":3.0},{"damage":0.0,"enemies":"2 Louse","floor":3.0,"turns":3.0},{"damage":16.0,"enemies":"Lagavulin","floor":7.0,"turns":5.0},{"damage":0.0,"enemies":"Gremlin Nob","floor":11.0,"turns":3.0},{"damage":0.0,"enemies":"Exordium Wildlife","floor":12.0,"turns":2.0},{"damage":3.0,"enemies":"3 Sentries","floor":13.0,"turns":5.0},{"damage":4.0,"enemies":"Large Slime","floor":14.0,"turns":2.0},{"damage":0.0,"enemies":"Hexaghost","floor":16.0,"turns":4.0},{"damage":1.0,"enemies":"2 Thieves","floor":18.0,"turns":3.0},{"damage":4.0,"enemies":"Chosen","floor":20.0,"turns":4.0},{"damage":4.0,"enemies":"Sentry and Sphere","floor":22.0,"turns":4.0},{"damage":6.0,"enemies":"Gremlin Leader","floor":23.0,"turns":6.0},{"damage":8.0,"enemies":"Slavers","floor":25.0,"turns":5.0},{"damage":6.0,"enemies":"Book of Stabbing","floor":27.0,"turns":2.0},{"damage":0.0,"enemies":"Centurion and Healer","floor":29.0,"turns":4.0},{"damage":6.0,"enemies":"Gremlin Leader","floor":30.0,"turns":5.0},{"damage":3.0,"enemies":"3 Cultists","floor":31.0,"turns":5.0},{"damage":24.0,"enemies":"Collector","floor":33.0,"turns":15.0},{"damage":4,"enemies":"3 Shapes","floor":35,"turns":3},{"damage":2,"enemies":"3 Darklings","floor":36,"turns":8},{"damage":1,"enemies":"Sphere and 2 Shapes","floor":39,"turns":10},{"damage":6,"enemies":"Reptomancer","floor":41,"turns":7},{"damage":20,"enemies":"Jaw Worm Horde","floor":44,"turns":4},{"damage":18,"enemies":"Transient","floor":45,"turns":5},{"damage":22,"enemies":"Giant Head","floor":46,"turns":7},{"damage":24,"enemies":"Reptomancer","floor":48,"turns":5},{"damage":6,"enemies":"Time Eater","floor":50,"turns":7}],"seed_played":"4589182017696741495","potions_obtained":[{"floor":7.0,"key":"Block Potion"},{"floor":11.0,"key":"SneckoOil"},{"floor":13.0,"key":"Dexterity Potion"},{"floor":14.0,"key":"Strength Potion"},{"floor":16.0,"key":"Fire Potion"},{"floor":18.0,"key":"CultistPotion"},{"floor":29.0,"key":"BlessingOfTheForge"},{"floor":33.0,"key":"Ancient Potion"},{"floor":36,"key":"Fruit Juice"},{"floor":44,"key":"Ancient Potion"},{"floor":46,"key":"FearPotion"}],"is_trial":false,"path_per_floor":["M","M","M","?","$","?","E","R","T","R","E","M","E","M","R","B",null,"M","$","M","?","M","E","R","E","T","E","?","M","E","M","R","B",null,"M","M","?","$","M","R","E","R","T","M","M","E","$","E","R","B",null],"character_chosen":"WATCHER","items_purchased":["ReachHeaven","Block Potion","Master of Strategy","Strength Potion","Fasting2","Damaru","Strawberry","ClearTheMind","Happy Flower"],"campfire_rested":2,"item_purchase_floors":[5,5,19,38,38,38,47,47,47],"current_hp_per_floor":[54,53,53,53,53,53,37,37,37,37,37,37,34,30,30,30,59,58,58,54,54,50,44,44,36,36,34,34,36,42,43,67,45,73,71,73,73,78,79,79,75,75,75,59,43,23,30,8,37,33],"gold":80,"neow_bonus":"UPGRADE_CARD","is_prod":false,"is_daily":false,"chose_seed":false,"campfire_upgraded":6,"win_rate":0,"timestamp":1650832443,"path_taken":["M","M","M","?","?","?","E","R","T","R","E","?","E","M","R","BOSS","M","$","M","?","M","E","R","E","T","E","?","?","E","M","R","BOSS","M","M","?","$","M","R","E","R","T","M","?","E","$","E","R","BOSS"],"build_version":"2022-03-07","purchased_purges":2,"victory":true,"max_hp_per_floor":[68,68,68,68,68,68,68,68,68,68,68,68,68,68,68,68,68,68,68,68,68,68,68,68,68,68,70,70,70,80,82,82,82,82,82,84,84,89,89,89,89,89,89,91,91,91,98,98,98,98],"relic_stats":{"Ice Cream":[14],"Singing Bowl":8,"Happy Flower":[4],"counters":[28,140],"Blue Candle":[5],"CeramicFish":117,"The Courier":91,"Bag of Preparation":[46],"War Paint":["Vigilance","Defend_P"],"Smiling Mask":55,"MawBank":144,"Blood Vial":28,"Centennial Puzzle":[57],"PureWater":[26],"obtain_stats":[{"Potion Belt":46,"Ice Cream":48,"Pear":30,"Singing Bowl":27,"Happy Flower":47,"Blue Candle":17,"CeramicFish":23,"Damaru":38,"The Courier":41,"Bag of Preparation":11,"War Paint":9,"Smiling Mask":17,"MawBank":26,"Akabeko":7,"Calling Bell":17,"Blood Vial":25,"SlaversCollar":34,"Centennial Puzzle":13,"CaptainsWheel":17,"Strawberry":47,"Bag of Marbles":43,"PureWater":0},{"Potion Belt":26,"Ice Cream":27,"Pear":17,"Singing Bowl":15,"Happy Flower":26,"Blue Candle":9,"CeramicFish":13,"Damaru":21,"The Courier":23,"Bag of Preparation":5,"War Paint":4,"Smiling Mask":9,"MawBank":14,"Akabeko":4,"Calling Bell":9,"Blood Vial":14,"SlaversCollar":19,"Centennial Puzzle":7,"CaptainsWheel":9,"Strawberry":26,"Bag of Marbles":23,"PureWater":0},{"Potion Belt":128,"Ice Cream":133,"Pear":64,"Singing Bowl":55,"Happy Flower":128,"Blue Candle":31,"CeramicFish":48,"Damaru":95,"The Courier":112,"Bag of Preparation":18,"War Paint":15,"Smiling Mask":31,"MawBank":53,"Akabeko":15,"Calling Bell":31,"Blood Vial":53,"SlaversCollar":84,"Centennial Puzzle":25,"CaptainsWheel":31,"Strawberry":128,"Bag of Marbles":112,"PureWater":0}]},"card_choices":[{"not_picked":["Prostrate","Worship"],"picked":"FlurryOfBlows","floor":1.0},{"not_picked":["Indignation","Protect"],"picked":"Adaptation","floor":2.0},{"not_picked":["PathToVictory","ForeignInfluence"],"picked":"JustLucky","floor":3.0},{"not_picked":["BattleHymn","ClearTheMind"],"picked":"CrushJoints","floor":7.0},{"not_picked":["SashWhip","WreathOfFlame"],"picked":"Meditate","floor":11.0},{"not_picked":["ThirdEye","Conclude"],"picked":"TalkToTheHand","floor":12.0},{"not_picked":["Evaluate","Devotion"],"picked":"BowlingBash","floor":13.0},{"not_picked":["Halt","InnerPeace"],"picked":"Tantrum","floor":14.0},{"not_picked":["Judgement","Devotion"],"picked":"LessonLearned","floor":16.0},{"not_picked":["CarveReality","Consecrate+1"],"picked":"MentalFortress","floor":18.0},{"not_picked":["ClearTheMind","SignatureMove+1"],"picked":"EmptyFist","floor":20.0},{"not_picked":["BowlingBash","Omniscience"],"picked":"InnerPeace","floor":22.0},{"not_picked":["SashWhip","InnerPeace"],"picked":"EmptyBody","floor":23.0},{"not_picked":["Wireheading","ReachHeaven"],"picked":"Perseverance+1","floor":25.0},{"not_picked":["WreathOfFlame","Indignation","ThirdEye"],"picked":"Singing Bowl","floor":27.0},{"not_picked":["EmptyBody","Meditate+1"],"picked":"EmptyMind","floor":29.0},{"not_picked":["ThirdEye","FlyingSleeves"],"picked":"LikeWater","floor":30.0},{"not_picked":["JustLucky","FlyingSleeves","CarveReality"],"picked":"Singing Bowl","floor":31.0},{"not_picked":["Brilliance","Judgement"],"picked":"DevaForm","floor":33.0},{"not_picked":["Study","CutThroughFate"],"picked":"TalkToTheHand","floor":35},{"not_picked":["PathToVictory+1","ReachHeaven","Prostrate"],"picked":"Singing Bowl","floor":36},{"not_picked":["Perseverance","SashWhip"],"picked":"WaveOfTheHand","floor":39},{"not_picked":["Study","DeceiveReality"],"picked":"CutThroughFate+1","floor":41},{"not_picked":["Prostrate","CrushJoints","Nirvana"],"picked":"Singing Bowl","floor":44},{"not_picked":["Tantrum","Brilliance"],"picked":"Consecrate","floor":45},{"not_picked":["JustLucky","DeceiveReality"],"picked":"Crescendo+1","floor":46},{"not_picked":["CrushJoints","ClearTheMind"],"picked":"Wallop","floor":48}],"player_experience":5141612,"relics_obtained":[{"floor":7.0,"key":"Akabeko"},{"floor":9.0,"key":"War Paint"},{"floor":11.0,"key":"Bag of Preparation"},{"floor":13.0,"key":"Centennial Puzzle"},{"floor":17.0,"key":"Smiling Mask"},{"floor":17.0,"key":"Blue Candle"},{"floor":17.0,"key":"CaptainsWheel"},{"floor":23.0,"key":"CeramicFish"},{"floor":25.0,"key":"Blood Vial"},{"floor":26.0,"key":"MawBank"},{"floor":27.0,"key":"Singing Bowl"},{"floor":30.0,"key":"Pear"},{"floor":41,"key":"The Courier"},{"floor":43,"key":"Bag of Marbles"},{"floor":46,"key":"Potion Belt"},{"floor":48,"key":"Ice Cream"}],"event_choices":[{"damage_healed":0.0,"max_hp_gain":0.0,"max_hp_loss":0.0,"gold_gain":0.0,"cards_transformed":["Defend_P"],"event_name":"Transmorgrifier","player_choice":"Transformed","floor":4.0,"gold_loss":0.0,"damage_taken":0.0,"cards_obtained":["ThirdEye"]},{"damage_healed":0.0,"max_hp_gain":0.0,"max_hp_loss":0.0,"gold_gain":0.0,"event_name":"Liars Game","player_choice":"Ignored","floor":6.0,"gold_loss":0.0,"damage_taken":0.0},{"damage_healed":0.0,"max_hp_gain":0.0,"max_hp_loss":0.0,"gold_gain":0.0,"event_name":"Cursed Tome","player_choice":"Ignored","floor":21.0,"gold_loss":0.0,"damage_taken":0.0},{"damage_healed":0.0,"max_hp_gain":0.0,"max_hp_loss":0.0,"gold_gain":0.0,"event_name":"Ghosts","player_choice":"Ignored","floor":28.0,"gold_loss":0.0,"damage_taken":0.0},{"cards_removed":["Strike_P"],"damage_healed":0,"gold_gain":0,"player_choice":"Upgrade and Remove","damage_taken":0,"max_hp_gain":0,"max_hp_loss":0,"event_name":"Designer","floor":37,"gold_loss":110,"cards_upgraded":["JustLucky"]}],"is_beta":false,"boss_relics":[{"not_picked":["Coffee Dripper","Runic Dome"],"picked":"Calling Bell"},{"not_picked":["SacredBark","Snecko Eye"],"picked":"SlaversCollar"}],"items_purged_floors":[19,47],"is_endless":false,"potions_floor_spawned":[7,11,13,14,16,18,22,23,29,33,36,44,46],"ascension_level":15}