{"gold_per_floor":[416,566,616,141,154,154,184,184,252,252,268,301,315,347,347,425,425,457,510,412,438,450],"floor_reached":22,"playtime":951,"items_purged":[],"score":401,"play_id":"18d1ba09-f05c-4c5d-8e68-52d30d4eae1f","local_time":"20220802135331","is_ascension_mode":true,"campfire_choices":[{"data":"Apotheosis","floor":6,"key":"SMITH"},{"floor":8,"key":"REST"},{"data":"MentalFortress","floor":15,"key":"SMITH"}],"neow_cost":"TEN_PERCENT_HP_LOSS","seed_source_timestamp":98342575152400,"circlet_count":0,"master_deck":["AscendersBane","Strike_P","Strike_P","Strike_P","Strike_P","Defend_P","Defend_P","Defend_P","Defend_P","Eruption","Vigilance","MentalFortress+1","Apotheosis+1","CrushJoints","WheelKick","Halt","ReachHeaven","SashWhip","FlurryOfBlows+1","EmptyFist","FearNoEvil","Wish","FlurryOfBlows","FearNoEvil+1"],"special_seed":0,"relics":["PureWater","Old Coin","Art of War","Nunchaku","Shuriken","Omamori","Calling Bell","MawBank","Frozen Egg 2","Du-Vu Doll"],"potions_floor_usage":[14,18,19,21,21],"damage_taken":[{"damage":9.0,"enemies":"Cultist","floor":1.0,"turns":5.0},{"damage":0,"enemies":"2 Louse","floor":5,"turns":2},{"damage":26,"enemies":"Gremlin Nob","floor":7,"turns":4},{"damage":0,"enemies":"Small Slimes","floor":11,"turns":4},{"damage":0,"enemies":"Lagavulin","floor":12,"turns":4},{"damage":0,"enemies":"Exordium Thugs","floor":13,"turns":4},{"damage":5,"enemies":"3 Sentries","floor":14,"turns":5},{"damage":15,"enemies":"Hexaghost","floor":16,"turns":7},{"damage":5,"enemies":"Shell Parasite","floor":18,"turns":5},{"damage":10,"enemies":"3 Byrds","floor":19,"turns":4},{"damage":27,"enemies":"Snake Plant","floor":21,"turns":4},{"damage":12,"enemies":"Centurion and Healer","floor":22,"turns":2}],"seed_played":"-9193322016969184345","potions_obtained":[{"floor":1.0,"key":"Energy Potion"},{"floor":7,"key":"Dexterity Potion"},{"floor":10,"key":"DistilledChaos"},{"floor":13,"key":"BottledMiracle"},{"floor":14,"key":"LiquidMemories"},{"floor":18,"key":"EssenceOfSteel"},{"floor":19,"key":"StancePotion"}],"is_trial":false,"path_per_floor":["M","?","?","$","M","R","E","R","T","?","M","E","M","E","R","B",null,"M","M","?","M","M"],"character_chosen":"WATCHER","items_purchased":["Apotheosis","CrushJoints","WheelKick","Art of War","Halt"],"campfire_rested":1,"item_purchase_floors":[4,4,4,4,4],"current_hp_per_floor":[52,52,46,46,46,46,20,38,38,38,38,38,38,33,33,18,51,46,36,36,9,0],"gold":450,"neow_bonus":"ONE_RARE_RELIC","is_prod":false,"is_daily":false,"chose_seed":false,"campfire_upgraded":2,"win_rate":0,"timestamp":1659473611,"path_taken":["M","?","?","$","?","R","E","R","T","?","M","E","M","E","R","BOSS","M","M","?","?","M"],"build_version":"2022-03-07","purchased_purges":0,"victory":false,"max_hp_per_floor":[62,62,62,62,62,62,62,62,62,62,62,62,62,62,62,62,62,62,62,62,62,62],"relic_stats":{"Nunchaku":[8],"counters":[12,50],"Shuriken":[11],"Art of War":[6],"Omamori":1,"PureWater":[13],"MawBank":60,"obtain_stats":[{"Calling Bell":17,"Du-Vu Doll":17,"Nunchaku":7,"Shuriken":12,"Art of War":4,"Omamori":14,"PureWater":0,"Frozen Egg 2":17,"MawBank":17,"Old Coin":0},{"Calling Bell":8,"Du-Vu Doll":8,"Nunchaku":3,"Shuriken":5,"Art of War":1,"Omamori":7,"PureWater":0,"Frozen Egg 2":8,"MawBank":8,"Old Coin":0},{"Calling Bell":35,"Du-Vu Doll":35,"Nunchaku":11,"Shuriken":19,"Art of War":5,"Omamori":28,"PureWater":0,"Frozen Egg 2":35,"MawBank":35,"Old Coin":0}]},"card_choices":[{"not_picked":["Weave","Collect"],"picked":"MentalFortress","floor":1.0},{"not_picked":["Study","Pray"],"picked":"ReachHeaven","floor":5},{"not_picked":["ReachHeaven","FollowUp","Evaluate"],"picked":"SKIP","floor":7},{"not_picked":["Meditate","Consecrate"],"picked":"SashWhip","floor":11},{"not_picked":["CutThroughFate","Blasphemy"],"picked":"FlurryOfBlows","floor":12},{"not_picked":["JustLucky","Halt"],"picked":"EmptyFist","floor":13},{"not_picked":["EmptyBody","BowlingBash"],"picked":"FearNoEvil","floor":14},{"not_picked":["Blasphemy","MasterReality"],"picked":"Wish","floor":16},{"not_picked":["Study+1","CutThroughFate"],"picked":"FlurryOfBlows","floor":18},{"not_picked":["FlurryOfBlows","Prostrate","Perseverance"],"picked":"SKIP","floor":19},{"not_picked":["BowlingBash","WindmillStrike"],"picked":"FearNoEvil+1","floor":21}],"player_experience":5175281,"relics_obtained":[{"floor":7,"key":"Nunchaku"},{"floor":12,"key":"Shuriken"},{"floor":14,"key":"Omamori"},{"floor":17,"key":"MawBank"},{"floor":17,"key":"Frozen Egg 2"},{"floor":17,"key":"Du-Vu Doll"}],"event_choices":[{"damage_healed":0.0,"max_hp_gain":0.0,"max_hp_loss":0.0,"gold_gain":150.0,"event_name":"Liars Game","player_choice":"AGREE","floor":2.0,"gold_loss":0.0,"damage_taken":0.0,"cards_obtained":["Doubt"]},{"damage_healed":0,"gold_gain":50,"player_choice":"Touch","damage_taken":6,"max_hp_gain":0,"max_hp_loss":0,"event_name":"FaceTrader","floor":3,"gold_loss":0},{"damage_healed":0,"gold_gain":0,"player_choice":"Got Potions","damage_taken":0,"max_hp_gain":0,"max_hp_loss":0,"event_name":"Lab","floor":10,"gold_loss":0},{"cards_removed":["Doubt"],"damage_healed":0,"gold_gain":0,"player_choice":"Upgrade and Remove","damage_taken":0,"max_hp_gain":0,"max_hp_loss":0,"event_name":"Designer","floor":20,"gold_loss":110,"cards_upgraded":["FlurryOfBlows"]}],"is_beta":false,"boss_relics":[{"not_picked":["Busted Crown","Pandora\u0027s Box"],"picked":"Calling Bell"}],"items_purged_floors":[],"is_endless":false,"potions_floor_spawned":[1,7,13,14,18,19],"killed_by":"Centurion and Healer","ascension_level":15}