{"gold_per_floor":[99,99,99,84,84,84,84,84,84,84,84,84,84,84,84,84,84,84,84,84,9,9,9,9,9,9,9,9,9,9,9,9,9,9,9,9,9,9,9,9,9,9,9,9,9,9,9,9,9,9],"floor_reached":51,"playtime":2189,"items_purged":["Strike_P"],"score":1822,"play_id":"9e906ad4-7f75-476d-a152-e72418035466","local_time":"20220818142232","is_ascension_mode":true,"campfire_choices":[{"data":"SandsOfTime","floor":6,"key":"SMITH"},{"data":"MentalFortress","floor":8,"key":"SMITH"},{"data":"MentalFortress","floor":15,"key":"SMITH"},{"data":"Tantrum","floor":24,"key":"SMITH"},{"data":"Adaptation","floor":32,"key":"SMITH"},{"data":"Defend_P","floor":41,"key":"PURGE"},{"floor":49,"key":"REST"}],"neow_cost":"NONE","seed_source_timestamp":104830428492600,"circlet_count":0,"master_deck":["AscendersBane","Defend_P","Defend_P","Defend_P","Eruption","Vigilance","SandsOfTime+1","Tantrum+1","ClearTheMind","Wallop","EmptyFist","MentalFortress+1","FearNoEvil","MentalFortress+1","EmptyMind+1","Wish+1","Scrawl+1","ForeignInfluence+1","Weave+1","ClearTheMind+1","Vengeance+1","Omniscience+1","Halt+1","ReachHeaven+1","Evaluate+1","Scrawl+1","Adaptation+1","EmptyBody+1","FlurryOfBlows+1","Ragnarok","SpiritShield+1","Consecrate+1","Protect+1","Meditate+1","Indignation+1","MentalFortress","Tantrum","FearNoEvil+1"],"special_seed":0,"relics":["Ectoplasm","Pen Nib","Toxic Egg 2","Peace Pipe","Toy Ornithopter","Question Card","Astrolabe","Lantern","Blood Vial","Sundial","Bronze Scales","Bottled Flame","Fusion Hammer","Old Coin","Orichalcum","Kunai","Regal Pillow","Strawberry","Bag of Marbles"],"potions_floor_usage":[5,7,18,23,25,31,36,42,44,46,50,50],"damage_taken":[{"damage":7.0,"enemies":"Small Slimes","floor":1.0,"turns":4.0},{"damage":0.0,"enemies":"Cultist","floor":2.0,"turns":2.0},{"damage":0.0,"enemies":"2 Louse","floor":3.0,"turns":1.0},{"damage":1.0,"enemies":"Looter","floor":4.0,"turns":2.0},{"damage":6,"enemies":"Exordium Thugs","floor":5,"turns":2},{"damage":0,"enemies":"Lagavulin","floor":7,"turns":3},{"damage":1,"enemies":"3 Louse","floor":11,"turns":2},{"damage":0,"enemies":"Gremlin Nob","floor":12,"turns":3},{"damage":0,"enemies":"Gremlin Gang","floor":13,"turns":3},{"damage":1,"enemies":"3 Sentries","floor":14,"turns":5},{"damage":20,"enemies":"The Guardian","floor":16,"turns":6},{"damage":0,"enemies":"Spheric Guardian","floor":18,"turns":2},{"damage":4,"enemies":"Chosen","floor":19,"turns":3},{"damage":0,"enemies":"Centurion and Healer","floor":22,"turns":3},{"damage":2,"enemies":"Book of Stabbing","floor":23,"turns":4},{"damage":0,"enemies":"Slavers","floor":25,"turns":3},{"damage":11,"enemies":"Cultist and Chosen","floor":27,"turns":4},{"damage":0,"enemies":"Chosen and Byrds","floor":28,"turns":2},{"damage":24,"enemies":"Gremlin Leader","floor":29,"turns":4},{"damage":0,"enemies":"Sentry and Sphere","floor":30,"turns":2},{"damage":0,"enemies":"Book of Stabbing","floor":31,"turns":2},{"damage":12,"enemies":"Automaton","floor":33,"turns":8},{"damage":0,"enemies":"3 Darklings","floor":35,"turns":2},{"damage":0,"enemies":"3 Shapes","floor":36,"turns":2},{"damage":0,"enemies":"Mind Bloom Boss Battle","floor":37,"turns":3},{"damage":6,"enemies":"Sphere and 2 Shapes","floor":38,"turns":2},{"damage":0,"enemies":"Reptomancer","floor":40,"turns":2},{"damage":22,"enemies":"Nemesis","floor":42,"turns":5},{"damage":0,"enemies":"Reptomancer","floor":44,"turns":3},{"damage":0,"enemies":"Jaw Worm Horde","floor":45,"turns":3},{"damage":10,"enemies":"Transient","floor":46,"turns":5},{"damage":0,"enemies":"Writhing Mass","floor":47,"turns":4},{"damage":3,"enemies":"Nemesis","floor":48,"turns":5},{"damage":78,"enemies":"Time Eater","floor":50,"turns":8}],"seed_played":"-3713739359924295063","potions_obtained":[{"floor":2.0,"key":"Energy Potion"},{"floor":3.0,"key":"AttackPotion"},{"floor":5,"key":"Weak Potion"},{"floor":7,"key":"Swift Potion"},{"floor":14,"key":"SteroidPotion"},{"floor":22,"key":"BottledMiracle"},{"floor":23,"key":"Weak Potion"},{"floor":27,"key":"BottledMiracle"},{"floor":28,"key":"Dexterity Potion"},{"floor":33,"key":"Fruit Juice"},{"floor":36,"key":"Swift Potion"},{"floor":40,"key":"CultistPotion"},{"floor":42,"key":"BottledMiracle"},{"floor":44,"key":"Explosive Potion"},{"floor":46,"key":"SteroidPotion"},{"floor":48,"key":"AttackPotion"}],"is_trial":false,"path_per_floor":["M","M","M","M","M","R","E","R","T","?","M","E","M","E","R","B",null,"M","M","?","$","M","E","R","E","T","M","M","E","M","E","R","B",null,"M","M","?","M","?","E","R","E","T","E","M","M","M","E","R","B",null],"character_chosen":"WATCHER","items_purchased":[],"campfire_rested":1,"item_purchase_floors":[],"current_hp_per_floor":[54,54,54,53,47,47,47,47,47,47,46,46,46,45,45,25,57,62,58,58,58,58,61,61,66,66,57,59,37,39,46,46,36,60,62,73,73,67,67,69,69,51,51,65,67,64,66,65,80,7],"gold":9,"neow_bonus":"BOSS_RELIC","is_prod":false,"is_daily":false,"chose_seed":false,"campfire_upgraded":5,"win_rate":0,"timestamp":1660857752,"path_taken":["M","M","M","M","M","R","E","R","T","?","M","E","M","E","R","BOSS","M","M","?","$","M","E","R","E","T","M","M","E","?","E","R","BOSS","M","M","?","M","?","E","R","E","T","E","M","?","M","E","R","BOSS"],"build_version":"2022-03-07","purchased_purges":1,"victory":true,"max_hp_per_floor":[68,68,68,68,68,68,68,68,68,68,68,68,68,68,68,68,68,68,68,68,68,68,68,68,68,68,68,68,68,68,68,68,68,68,68,73,73,73,73,73,73,73,73,80,80,80,80,80,80,80],"relic_stats":{"Regal Pillow":0,"counters":[34,114],"Astrolabe":["Worship","ForeignInfluence","Weave"],"Pen Nib":[23],"Orichalcum":[24],"Question Card":23,"Peace Pipe":1,"Blood Vial":30,"Bottled Flame":"Tantrum","Sundial":[2],"Bronze Scales":[125],"Ectoplasm":1306,"Kunai":[12],"obtain_stats":[{"Lantern":23,"Regal Pillow":43,"Astrolabe":17,"Pen Nib":7,"Orichalcum":40,"Question Card":14,"Old Coin":37,"Peace Pipe":10,"Blood Vial":25,"Bottled Flame":31,"Sundial":26,"Bronze Scales":29,"Strawberry":44,"Ectoplasm":0,"Fusion Hammer":34,"Bag of Marbles":48,"Kunai":42,"PureWater":0,"Toxic Egg 2":9,"Toy Ornithopter":12},{"Lantern":15,"Regal Pillow":28,"Astrolabe":11,"Pen Nib":6,"Orichalcum":27,"Question Card":10,"Old Coin":25,"Peace Pipe":6,"Blood Vial":16,"Bottled Flame":21,"Sundial":16,"Bronze Scales":19,"Strawberry":29,"Ectoplasm":0,"Fusion Hammer":22,"Bag of Marbles":33,"Kunai":28,"PureWater":0,"Toxic Egg 2":6,"Toy Ornithopter":8},{"Lantern":45,"Regal Pillow":86,"Astrolabe":33,"Pen Nib":14,"Orichalcum":81,"Question Card":27,"Old Coin":77,"Peace Pipe":14,"Blood Vial":48,"Bottled Flame":62,"Sundial":48,"Bronze Scales":58,"Strawberry":89,"Ectoplasm":0,"Fusion Hammer":70,"Bag of Marbles":106,"Kunai":86,"PureWater":0,"Toxic Egg 2":14,"Toy Ornithopter":19}],"Toy Ornithopter":41},"card_choices":[{"not_picked":["FlurryOfBlows","Wireheading"],"picked":"SandsOfTime","floor":1.0},{"not_picked":["WindmillStrike","Sanctity"],"picked":"Tantrum","floor":2.0},{"not_picked":["Crescendo","ThirdEye"],"picked":"ClearTheMind","floor":3.0},{"not_picked":["CutThroughFate","BattleHymn"],"picked":"Wallop","floor":4.0},{"not_picked":["Nirvana","LikeWater"],"picked":"EmptyFist","floor":5},{"not_picked":["Wireheading","SandsOfTime"],"picked":"MentalFortress","floor":7},{"not_picked":["Worship+1","Conclude"],"picked":"FearNoEvil","floor":11},{"not_picked":["Crescendo+1","Sanctity+1"],"picked":"MentalFortress","floor":12},{"not_picked":["FollowUp","EmptyFist"],"picked":"EmptyMind+1","floor":13},{"not_picked":["WreathOfFlame+1","Evaluate+1"],"picked":"Wish+1","floor":14},{"not_picked":["Ragnarok","SpiritShield+1","Devotion"],"picked":"Scrawl+1","floor":16},{"not_picked":["Crescendo+1","PathToVictory+1","Tantrum+1"],"picked":"ClearTheMind+1","floor":18},{"not_picked":["FearNoEvil","CrushJoints","PathToVictory+1"],"picked":"Vengeance+1","floor":19},{"not_picked":["PathToVictory+1","EmptyBody+1","DeceiveReality+1"],"picked":"Halt+1","floor":22},{"not_picked":["ClearTheMind+1","Prostrate+1","Fasting2"],"picked":"ReachHeaven+1","floor":23},{"not_picked":["SignatureMove","ForeignInfluence+1","Worship+1"],"picked":"Evaluate+1","floor":25},{"not_picked":["SashWhip","Study","Crescendo+1"],"picked":"Scrawl+1","floor":27},{"not_picked":["WindmillStrike","SashWhip","Collect+1"],"picked":"Adaptation","floor":28},{"not_picked":["Swivel+1","Nirvana","JustLucky"],"picked":"EmptyBody+1","floor":29},{"not_picked":["JustLucky","WheelKick","Evaluate+1"],"picked":"FlurryOfBlows+1","floor":30},{"not_picked":["Fasting2","FearNoEvil","EmptyBody+1"],"picked":"Ragnarok","floor":31},{"not_picked":["ConjureBlade+1","Devotion","Establishment"],"picked":"SpiritShield+1","floor":33},{"not_picked":["FlurryOfBlows","EmptyBody+1","JustLucky"],"picked":"Consecrate+1","floor":35},{"not_picked":["CutThroughFate","Consecrate+1","WreathOfFlame+1","FlurryOfBlows"],"picked":"SKIP","floor":36},{"not_picked":["Sanctity+1","EmptyBody+1","Prostrate+1"],"picked":"Protect+1","floor":37},{"not_picked":["Worship+1","FlurryOfBlows","JustLucky","SandsOfTime"],"picked":"SKIP","floor":38},{"not_picked":["MentalFortress","CutThroughFate","Devotion"],"picked":"Meditate+1","floor":40},{"not_picked":["PathToVictory+1","Vengeance+1","CutThroughFate+1"],"picked":"Indignation+1","floor":42},{"not_picked":["CutThroughFate","Fasting2","Consecrate","SignatureMove"],"picked":"SKIP","floor":44},{"not_picked":["EmptyFist","Evaluate+1","FearNoEvil"],"picked":"MentalFortress","floor":45},{"not_picked":["Protect+1","Evaluate+1","DeceiveReality+1","PathToVictory+1"],"picked":"SKIP","floor":46},{"not_picked":["CarveReality","SignatureMove","Meditate+1"],"picked":"Tantrum","floor":47},{"not_picked":["Prostrate+1","SashWhip+1","Halt+1"],"picked":"FearNoEvil+1","floor":48}],"player_experience":5214052,"relics_obtained":[{"floor":7,"key":"Pen Nib"},{"floor":9,"key":"Toxic Egg 2"},{"floor":12,"key":"Toy Ornithopter"},{"floor":14,"key":"Question Card"},{"floor":23,"key":"Lantern"},{"floor":25,"key":"Blood Vial"},{"floor":26,"key":"Sundial"},{"floor":29,"key":"Bronze Scales"},{"floor":31,"key":"Bottled Flame"},{"floor":37,"key":"Old Coin"},{"floor":40,"key":"Orichalcum"},{"floor":42,"key":"Kunai"},{"floor":43,"key":"Regal Pillow"},{"floor":44,"key":"Strawberry"},{"floor":48,"key":"Bag of Marbles"}],"event_choices":[{"damage_healed":0,"gold_gain":0,"player_choice":"Gave Potion","damage_taken":0,"relics_obtained":["Peace Pipe"],"max_hp_gain":0,"max_hp_loss":0,"event_name":"WeMeetAgain","floor":10,"gold_loss":0},{"damage_healed":0,"gold_gain":0,"cards_transformed":["Worship"],"player_choice":"Transformed","damage_taken":0,"max_hp_gain":0,"max_hp_loss":0,"event_name":"Transmorgrifier","floor":20,"gold_loss":0,"cards_obtained":["Omniscience"]},{"damage_healed":0,"gold_gain":0,"player_choice":"Fight","damage_taken":0,"max_hp_gain":0,"max_hp_loss":0,"event_name":"MindBloom","floor":37,"gold_loss":0},{"damage_healed":0,"gold_gain":0,"player_choice":"Got Potions","damage_taken":0,"max_hp_gain":0,"max_hp_loss":0,"event_name":"Lab","floor":39,"gold_loss":0}],"is_beta":false,"boss_relics":[{"not_picked":["SacredBark","Busted Crown"],"picked":"Astrolabe"},{"not_picked":["SlaversCollar","Runic Pyramid"],"picked":"Fusion Hammer"}],"items_purged_floors":[21],"is_endless":false,"potions_floor_spawned":[2,3,5,7,14,22,23,27,28,30,33,36,40,42,44,45,46,48],"ascension_level":15}