{"gold_per_floor":[367,292,39,49,95,123,123,123,123,153,166,166,201,24,24,98,98,113,113,124,124,138,138,153,188,188,188,388,406,418,453,453,532,532,549,18,31,47,64,64,64],"floor_reached":41,"playtime":1451,"items_purged":["Defend_P","Defend_P"],"score":902,"play_id":"990aa338-f378-419d-8000-644d4a54eba1","local_time":"20221125192406","is_ascension_mode":true,"campfire_choices":[{"floor":12.0,"key":"REST"},{"data":"Wallop","floor":15.0,"key":"SMITH"},{"data":"SignatureMove","floor":23.0,"key":"SMITH"},{"data":"CutThroughFate","floor":27,"key":"SMITH"},{"floor":32,"key":"REST"},{"floor":40,"key":"REST"}],"neow_cost":"CURSE","seed_source_timestamp":39753599678800,"circlet_count":0,"master_deck":["AscendersBane","Strike_P","Strike_P","Strike_P","Eruption","Vigilance","ClearTheMind","SignatureMove+1","Crescendo","SandsOfTime+1","DeusExMachina","Wallop+1","FollowUp","Consecrate","EmptyBody","ConjureBlade","FollowUp+1","DeusExMachina","EmptyMind","CutThroughFate+1","FlurryOfBlows","CrushJoints","Halt","BowlingBash+1","Blasphemy","ThirdEye+1","Consecrate+1","WreathOfFlame+1","ClearTheMind+1","Finesse","WheelKick","Swivel","Meditate"],"special_seed":0,"relics":["PureWater","Art of War","Damaru","Calipers","Kunai","HornCleat","Bottled Flame","Happy Flower","Cursed Key","MutagenicStrength","Turnip","Tiny Chest","Astrolabe","OrangePellets","Pear"],"potions_floor_usage":[31,33,39],"damage_taken":[{"damage":0.0,"enemies":"Small Slimes","floor":1.0,"turns":5.0},{"damage":7.0,"enemies":"Jaw Worm","floor":4.0,"turns":2.0},{"damage":7.0,"enemies":"Lagavulin","floor":6.0,"turns":5.0},{"damage":18.0,"enemies":"Gremlin Nob","floor":10.0,"turns":3.0},{"damage":0.0,"enemies":"2 Louse","floor":11.0,"turns":1.0},{"damage":0.0,"enemies":"Lagavulin","floor":13.0,"turns":3.0},{"damage":17.0,"enemies":"The Guardian","floor":16.0,"turns":7.0},{"damage":0.0,"enemies":"2 Thieves","floor":18.0,"turns":3.0},{"damage":0.0,"enemies":"Chosen","floor":20.0,"turns":3.0},{"damage":0.0,"enemies":"Snake Plant","floor":22.0,"turns":1.0},{"damage":0.0,"enemies":"3 Cultists","floor":24.0,"turns":4.0},{"damage":0.0,"enemies":"Slavers","floor":25.0,"turns":3.0},{"damage":8,"enemies":"Centurion and Healer","floor":29,"turns":4},{"damage":5,"enemies":"Sentry and Sphere","floor":30,"turns":3},{"damage":19,"enemies":"Book of Stabbing","floor":31,"turns":4},{"damage":36,"enemies":"Automaton","floor":33,"turns":7},{"damage":6,"enemies":"Orb Walker","floor":35,"turns":2},{"damage":1,"enemies":"3 Shapes","floor":37,"turns":3},{"damage":9,"enemies":"3 Darklings","floor":38,"turns":2},{"damage":12,"enemies":"4 Shapes","floor":39,"turns":3},{"damage":77,"enemies":"Nemesis","floor":41,"turns":6}],"seed_played":"5654748594463355130","potions_obtained":[{"floor":4.0,"key":"Dexterity Potion"},{"floor":6.0,"key":"SteroidPotion"},{"floor":13.0,"key":"Block Potion"},{"floor":18.0,"key":"Block Potion"},{"floor":22.0,"key":"Swift Potion"},{"floor":29,"key":"Dexterity Potion"},{"floor":35,"key":"Explosive Potion"},{"floor":38,"key":"Ambrosia"}],"is_trial":false,"path_per_floor":["M","?","$","M","T","E","?","?","T","E","M","R","E","$","R","B",null,"M","?","M","?","M","R","M","E","T","R","?","M","M","E","R","B",null,"M","$","M","M","M","R","E"],"character_chosen":"WATCHER","items_purchased":["SignatureMove","Art of War","Consecrate","EmptyBody","Finesse","OrangePellets","Pear","Energy Potion"],"campfire_rested":3,"item_purchase_floors":[3,3,14,14,36,36,36,36],"current_hp_per_floor":[61,61,61,54,54,47,29,29,29,11,11,30,30,30,30,13,52,52,52,52,52,52,52,52,52,52,52,52,44,39,20,39,3,50,44,54,53,44,32,54,0],"gold":64,"neow_bonus":"TWO_FIFTY_GOLD","is_prod":false,"is_daily":false,"chose_seed":false,"campfire_upgraded":3,"win_rate":0,"timestamp":1669433046,"path_taken":["M","?","$","M","?","E","?","?","T","E","?","R","E","$","R","BOSS","M","?","?","?","M","R","M","E","T","R","?","M","M","E","R","BOSS","M","$","?","M","M","R","E"],"build_version":"2022-10-04","purchased_purges":2,"victory":false,"max_hp_per_floor":[68,65,65,65,65,65,65,65,65,65,65,65,65,65,65,65,65,65,65,65,65,65,65,65,65,65,65,65,65,65,65,65,65,65,65,75,75,75,75,75,75],"relic_stats":{"Calipers":[23],"Happy Flower":[18],"counters":[21,74],"Astrolabe":["ThirdEye","Consecrate","WreathOfFlame"],"Cursed Key":0,"OrangePellets":[0],"Bottled Flame":"SandsOfTime","Tiny Chest":0,"Turnip":[7],"Art of War":[6],"Kunai":[42],"PureWater":[12],"obtain_stats":[{"Calipers":6,"Pear":36,"Happy Flower":13,"Astrolabe":34,"Damaru":5,"Cursed Key":17,"OrangePellets":36,"Bottled Flame":10,"HornCleat":9,"MutagenicStrength":21,"Tiny Chest":31,"Turnip":25,"Art of War":3,"Kunai":7,"PureWater":0},{"Calipers":3,"Pear":17,"Happy Flower":6,"Astrolabe":16,"Damaru":2,"Cursed Key":7,"OrangePellets":17,"Bottled Flame":4,"HornCleat":3,"MutagenicStrength":9,"Tiny Chest":15,"Turnip":12,"Art of War":1,"Kunai":3,"PureWater":0},{"Calipers":12,"Pear":60,"Happy Flower":19,"Astrolabe":58,"Damaru":7,"Cursed Key":26,"OrangePellets":60,"Bottled Flame":15,"HornCleat":12,"MutagenicStrength":32,"Tiny Chest":51,"Turnip":40,"Art of War":5,"Kunai":12,"PureWater":0}]},"card_choices":[{"not_picked":["PathToVictory","WreathOfFlame"],"picked":"ClearTheMind","floor":1.0},{"not_picked":["WaveOfTheHand","Wireheading"],"picked":"Crescendo","floor":4.0},{"not_picked":["FlyingSleeves","PathToVictory"],"picked":"SandsOfTime","floor":6.0},{"not_picked":["Wallop","SignatureMove"],"picked":"DeusExMachina","floor":10.0},{"not_picked":["Indignation","CarveReality"],"picked":"Wallop","floor":11.0},{"not_picked":["Protect","EmptyBody"],"picked":"FollowUp","floor":13.0},{"not_picked":["Judgement","Alpha"],"picked":"ConjureBlade","floor":16.0},{"not_picked":["EmptyFist","PathToVictory"],"picked":"FollowUp+1","floor":18.0},{"not_picked":["EmptyBody","Crescendo"],"picked":"DeusExMachina","floor":20.0},{"not_picked":["SashWhip","Protect"],"picked":"EmptyMind","floor":22.0},{"not_picked":["InnerPeace","FollowUp"],"picked":"CutThroughFate","floor":24.0},{"not_picked":["Crescendo","FlyingSleeves"],"picked":"FlurryOfBlows","floor":25.0},{"not_picked":["Pray","FollowUp"],"picked":"CrushJoints","floor":29},{"not_picked":["ClearTheMind","ThirdEye"],"picked":"Halt","floor":30},{"not_picked":["Wish","ThirdEye"],"picked":"BowlingBash+1","floor":31},{"not_picked":["MasterReality","Ragnarok"],"picked":"Blasphemy","floor":33},{"not_picked":["PathToVictory+1","BowlingBash"],"picked":"ClearTheMind+1","floor":35},{"not_picked":["Halt","Protect+1"],"picked":"WheelKick","floor":37},{"not_picked":["WreathOfFlame","Crescendo"],"picked":"Swivel","floor":38},{"not_picked":["JustLucky","FlyingSleeves"],"picked":"Meditate","floor":39}],"player_experience":5342515,"relics_obtained":[{"floor":5.0,"key":"Damaru"},{"floor":6.0,"key":"Calipers"},{"floor":9.0,"key":"HornCleat"},{"floor":10.0,"key":"Bottled Flame"},{"floor":13.0,"key":"Happy Flower"},{"floor":25.0,"key":"Turnip"},{"floor":31,"key":"Tiny Chest"}],"event_choices":[{"cards_removed":["Parasite"],"damage_healed":0.0,"max_hp_gain":0.0,"max_hp_loss":0.0,"gold_gain":0.0,"event_name":"The Cleric","player_choice":"Card Removal","floor":2.0,"gold_loss":75.0,"damage_taken":0.0},{"damage_healed":0.0,"max_hp_gain":0.0,"max_hp_loss":0.0,"gold_gain":0.0,"event_name":"Scrap Ooze","player_choice":"Success","floor":7.0,"gold_loss":0.0,"damage_taken":18.0,"relics_obtained":["Kunai"]},{"damage_healed":0.0,"max_hp_gain":0.0,"max_hp_loss":0.0,"gold_gain":0.0,"event_name":"Upgrade Shrine","player_choice":"Upgraded","floor":8.0,"gold_loss":0.0,"damage_taken":0.0,"cards_upgraded":["SandsOfTime"]},{"damage_healed":0.0,"max_hp_gain":0.0,"max_hp_loss":0.0,"gold_gain":0.0,"event_name":"N\u0027loth","player_choice":"Ignored","floor":19.0,"gold_loss":0.0,"damage_taken":0.0},{"damage_healed":0.0,"max_hp_gain":0.0,"max_hp_loss":0.0,"gold_gain":0.0,"event_name":"Drug Dealer","player_choice":"Inject Mutagens","floor":21.0,"gold_loss":0.0,"damage_taken":0.0,"relics_obtained":["MutagenicStrength"]},{"damage_healed":0,"gold_gain":250,"player_choice":"Bet on Owner","damage_taken":0,"max_hp_gain":0,"max_hp_loss":0,"event_name":"The Joust","floor":28,"gold_loss":50}],"is_beta":false,"boss_relics":[{"not_picked":["Coffee Dripper","Empty Cage"],"picked":"Cursed Key"},{"not_picked":["Sozu","Fusion Hammer"],"picked":"Astrolabe"}],"items_purged_floors":[3,14],"is_endless":false,"potions_floor_spawned":[4,6,13,18,22,29,30,35,38],"killed_by":"Nemesis","ascension_level":15}