{"gold_per_floor":[110,121,131,131,141,141,168,178,205,250,262,44,69,84,84,157,157,175,175,225,239,254,254,3,3,3,19,29,64,136,170,170,249,249,260,164,164,182,182,182,209,221,276,309,322,338,338,30,30,30],"floor_reached":51,"playtime":5883,"items_purged":["Defend_P","Strike_P","Strike_P","Defend_P"],"score":1386,"play_id":"f4a07b02-21ba-4cf2-b37b-f579892e7d3c","local_time":"20221204221142","is_ascension_mode":true,"campfire_choices":[{"data":"Eruption","floor":6.0,"key":"SMITH"},{"data":"CrushJoints","floor":11.0,"key":"SMITH"},{"data":"Vigilance","floor":15.0,"key":"SMITH"},{"data":"DeusExMachina","floor":23.0,"key":"SMITH"},{"data":"BattleHymn","floor":25.0,"key":"SMITH"},{"data":"MentalFortress","floor":32.0,"key":"SMITH"},{"data":"Meditate","floor":40.0,"key":"SMITH"},{"data":"MentalFortress","floor":47.0,"key":"SMITH"},{"floor":49.0,"key":"REST"}],"neow_cost":"NONE","seed_source_timestamp":646465517198800,"circlet_count":0,"master_deck":["AscendersBane","Strike_P","Eruption+1","Vigilance+1","FearNoEvil","CutThroughFate","MentalFortress+1","WheelKick","CrushJoints+1","ThirdEye","FlurryOfBlows","SandsOfTime","EmptyMind","Wallop","DeusExMachina+1","CurseOfTheBell","BattleHymn+1","MentalFortress+1","EmptyMind","Consecrate","Crescendo+1","Nirvana+1","Establishment","SpiritShield","Vault+1","ThirdEye+1","Collect+1","FlurryOfBlows","CutThroughFate","Meditate+1","Vengeance","TalkToTheHand"],"special_seed":0,"relics":["SlaversCollar","Lizard Tail","MawBank","Tiny Chest","Smiling Mask","Calling Bell","Art of War","Meat on the Bone","GoldenEye","Oddly Smooth Stone","HornCleat","Question Card","White Beast Statue","Potion Belt","Astrolabe","Pocketwatch","Dream Catcher","Omamori","Kunai"],"potions_floor_usage":[50,50,50,50],"damage_taken":[{"damage":0.0,"enemies":"2 Louse","floor":1.0,"turns":3.0},{"damage":0.0,"enemies":"Cultist","floor":2.0,"turns":4.0},{"damage":2.0,"enemies":"Jaw Worm","floor":3.0,"turns":3.0},{"damage":16.0,"enemies":"Blue Slaver","floor":5.0,"turns":7.0},{"damage":18.0,"enemies":"Lagavulin","floor":7.0,"turns":4.0},{"damage":13.0,"enemies":"Gremlin Gang","floor":8.0,"turns":5.0},{"damage":7.0,"enemies":"3 Sentries","floor":10.0,"turns":7.0},{"damage":0.0,"enemies":"Lagavulin","floor":13.0,"turns":4.0},{"damage":0.0,"enemies":"Large Slime","floor":14.0,"turns":1.0},{"damage":48.0,"enemies":"The Guardian","floor":16.0,"turns":7.0},{"damage":0.0,"enemies":"Spheric Guardian","floor":18.0,"turns":3.0},{"damage":9.0,"enemies":"Shell Parasite","floor":21.0,"turns":3.0},{"damage":24.0,"enemies":"Sentry and Sphere","floor":22.0,"turns":4.0},{"damage":0.0,"enemies":"Snecko","floor":27.0,"turns":3.0},{"damage":12.0,"enemies":"Cultist and Chosen","floor":28.0,"turns":3.0},{"damage":0.0,"enemies":"Gremlin Leader","floor":29.0,"turns":3.0},{"damage":17.0,"enemies":"Book of Stabbing","floor":31.0,"turns":4.0},{"damage":30.0,"enemies":"Champ","floor":33.0,"turns":7.0},{"damage":30.0,"enemies":"3 Darklings","floor":35.0,"turns":4.0},{"damage":9.0,"enemies":"3 Shapes","floor":38.0,"turns":5.0},{"damage":6.0,"enemies":"Nemesis","floor":41.0,"turns":6.0},{"damage":9.0,"enemies":"Maw","floor":42.0,"turns":6.0},{"damage":0.0,"enemies":"Reptomancer","floor":44.0,"turns":4.0},{"damage":8.0,"enemies":"Sphere and 2 Shapes","floor":45.0,"turns":5.0},{"damage":0.0,"enemies":"3 Darklings","floor":46.0,"turns":4.0},{"damage":51,"enemies":"Awakened One","floor":50,"turns":11}],"seed_played":"-4892771137918660331","potions_obtained":[{"floor":1.0,"key":"BottledMiracle"},{"floor":4.0,"key":"GamblersBrew"},{"floor":5.0,"key":"Strength Potion"},{"floor":8.0,"key":"ColorlessPotion"},{"floor":13.0,"key":"DistilledChaos"},{"floor":16.0,"key":"SpeedPotion"},{"floor":22.0,"key":"Dexterity Potion"},{"floor":28.0,"key":"Strength Potion"},{"floor":31.0,"key":"Dexterity Potion"},{"floor":33.0,"key":"Fire Potion"},{"floor":35.0,"key":"Fire Potion"},{"floor":38.0,"key":"LiquidMemories"},{"floor":41.0,"key":"Strength Potion"},{"floor":44.0,"key":"AttackPotion"},{"floor":45.0,"key":"Ancient Potion"},{"floor":46.0,"key":"FearPotion"}],"is_trial":false,"path_per_floor":["M","M","M","?","M","R","E","M","T","E","R","$","E","M","R","B",null,"M","?","?","M","M","R","$","R","T","M","M","E","T","E","R","B",null,"M","$","$","M","?","R","E","M","T","E","M","M","R","$","R","B",null],"character_chosen":"WATCHER","items_purchased":["SandsOfTime","EmptyMind","AttackPotion","Oddly Smooth Stone","Consecrate","CutThroughFate","Kunai"],"campfire_rested":1,"item_purchase_floors":[12,12,12,24,24,36,48],"current_hp_per_floor":[61,61,59,59,43,43,25,12,12,5,5,5,5,5,5,15,55,55,55,55,46,34,34,34,34,34,46,46,46,46,41,41,23,57,39,39,39,42,42,42,36,39,39,39,43,43,43,43,62,23],"gold":30,"neow_bonus":"BOSS_RELIC","is_prod":false,"is_daily":false,"chose_seed":false,"campfire_upgraded":8,"win_rate":0,"timestamp":1670220702,"path_taken":["M","M","M","?","?","R","E","M","T","E","R","$","E","M","R","BOSS","M","?","?","M","M","R","$","R","T","M","?","E","?","E","R","BOSS","M","?","$","M","?","R","E","M","T","E","M","M","R","$","R","BOSS"],"build_version":"2022-12-01","purchased_purges":4,"victory":true,"max_hp_per_floor":[68,68,68,68,68,68,68,68,68,68,68,68,68,68,68,68,68,68,68,68,68,68,68,68,68,68,68,68,68,68,68,68,68,68,68,68,68,68,65,65,65,65,65,65,65,65,65,65,65,65],"card_choices":[{"not_picked":["ThirdEye","Halt"],"picked":"FearNoEvil","floor":1.0},{"not_picked":["Vengeance","Perseverance"],"picked":"CutThroughFate","floor":2.0},{"not_picked":["Crescendo","ThirdEye"],"picked":"MentalFortress","floor":3.0},{"not_picked":["Crescendo","WaveOfTheHand"],"picked":"WheelKick","floor":5.0},{"not_picked":["SashWhip","Evaluate"],"picked":"CrushJoints","floor":7.0},{"not_picked":["ClearTheMind","FlyingSleeves"],"picked":"ThirdEye","floor":8.0},{"not_picked":["SignatureMove","WindmillStrike"],"picked":"FlurryOfBlows","floor":10.0},{"not_picked":["Prostrate","CutThroughFate","JustLucky"],"picked":"SKIP","floor":13.0},{"not_picked":["FlurryOfBlows","Nirvana"],"picked":"Wallop","floor":14.0},{"not_picked":["Scrawl","Devotion"],"picked":"DeusExMachina","floor":16.0},{"not_picked":["Prostrate","EmptyBody"],"picked":"BattleHymn","floor":18.0},{"not_picked":["Perseverance","Sanctity"],"picked":"MentalFortress","floor":21.0},{"not_picked":["FearNoEvil","PathToVictory+1"],"picked":"EmptyMind","floor":22.0},{"not_picked":["Vault","SashWhip"],"picked":"Crescendo+1","floor":27.0},{"not_picked":["JustLucky","FlyingSleeves","Prostrate"],"picked":"SKIP","floor":28.0},{"not_picked":["Pray","Adaptation"],"picked":"Nirvana+1","floor":29.0},{"not_picked":["BowlingBash","ThirdEye","CutThroughFate"],"picked":"Establishment","floor":31.0},{"not_picked":["Scrawl","Alpha","Vault"],"picked":"SpiritShield","floor":33.0},{"not_picked":["DeceiveReality","Crescendo","Prostrate"],"picked":"FlurryOfBlows","floor":35.0},{"not_picked":["SashWhip+1","CarveReality","EmptyBody"],"picked":"Meditate","floor":38.0},{"not_picked":["JustLucky","Meditate+1","ClearTheMind","WreathOfFlame"],"picked":"SKIP","floor":41.0},{"not_picked":["Establishment","BowlingBash","Collect"],"picked":"Vengeance","floor":42.0},{"not_picked":["Indignation","JustLucky","Wireheading+1","CutThroughFate"],"picked":"SKIP","floor":44.0},{"not_picked":["Adaptation","FollowUp","WindmillStrike+1","FlyingSleeves"],"picked":"SKIP","floor":45.0},{"not_picked":["DeceiveReality","PathToVictory+1","InnerPeace","MentalFortress"],"picked":"SKIP","floor":46.0},{"not_picked":["DeceiveReality","PathToVictory+1","InnerPeace","MentalFortress"],"picked":"SKIP","floor":46.0},{"not_picked":["Worship","EmptyMind","ClearTheMind"],"picked":"TalkToTheHand","floor":49.0}],"player_experience":5346964,"relics_obtained":[{"floor":7.0,"key":"Lizard Tail"},{"floor":9.0,"key":"MawBank"},{"floor":10.0,"key":"Tiny Chest"},{"floor":13.0,"key":"Smiling Mask"},{"floor":17.0,"key":"Art of War"},{"floor":17.0,"key":"Meat on the Bone"},{"floor":17.0,"key":"GoldenEye"},{"floor":26.0,"key":"HornCleat"},{"floor":29.0,"key":"Question Card"},{"floor":30.0,"key":"White Beast Statue"},{"floor":31.0,"key":"Potion Belt"},{"floor":41.0,"key":"Pocketwatch"},{"floor":43.0,"key":"Dream Catcher"},{"floor":44.0,"key":"Omamori"}],"event_choices":[{"damage_healed":0.0,"max_hp_gain":0.0,"max_hp_loss":0.0,"gold_gain":0.0,"event_name":"Lab","player_choice":"Got Potions","floor":4.0,"gold_loss":0.0,"damage_taken":0.0},{"damage_healed":0.0,"max_hp_gain":0.0,"max_hp_loss":0.0,"gold_gain":0.0,"event_name":"The Mausoleum","player_choice":"Ignored","floor":19.0,"gold_loss":0.0,"damage_taken":0.0},{"damage_healed":0.0,"max_hp_gain":0.0,"max_hp_loss":0.0,"gold_gain":50.0,"event_name":"Golden Shrine","player_choice":"Pray","floor":20.0,"gold_loss":0.0,"damage_taken":0.0},{"damage_healed":0.0,"max_hp_gain":0.0,"max_hp_loss":3.0,"gold_gain":0.0,"event_name":"Winding Halls","player_choice":"Max HP","floor":39.0,"gold_loss":0.0,"damage_taken":0.0}],"is_beta":false,"boss_relics":[{"not_picked":["Ectoplasm","Tiny House"],"picked":"Calling Bell"},{"not_picked":["Empty Cage","Runic Dome"],"picked":"Astrolabe"}],"items_purged_floors":[12,24,36,48],"is_endless":false,"potions_floor_spawned":[1,5,8,13,16,22,28,31,33,35,38,41,42,44,45,46],"ascension_level":15}