{"gold_per_floor":[118,118,17,31,46,46,82,97,122,142,178,178,201,214,214,307,307,327,347,347,362,182,216,216,254,254,288,301,320,340,376,376,467,467,480,813,813,826,360,360,394,410,464,480,490,510,523,2,2,2],"floor_reached":51,"playtime":2017,"items_purged":["Injury","Strike_R+1","Iron Wave","Inflame"],"score":1431,"play_id":"1e445087-5880-4bfe-8c52-4809cb783867","local_time":"20201214183111","is_ascension_mode":true,"campfire_choices":[{"data":"Bash","floor":6.0,"key":"SMITH"},{"data":"Metallicize","floor":15.0,"key":"SMITH"},{"data":"Immolate","floor":24.0,"key":"SMITH"},{"data":"Twin Strike","floor":32.0,"key":"SMITH"},{"data":"Demon Form","floor":40,"key":"SMITH"},{"data":"Heavy Blade","floor":49,"key":"SMITH"}],"neow_cost":"CURSE","seed_source_timestamp":282719974093500,"circlet_count":0,"master_deck":["AscendersBane","Strike_R+1","Strike_R+1","Strike_R+1","Defend_R+1","Defend_R+1","Defend_R+1","Defend_R+1","Bash+1","Pommel Strike","Anger","Headbutt","Metallicize+1","Impervious","Immolate+1","Clothesline+1","Thunderclap+1","Battle Trance","Shrug It Off+1","Twin Strike+1","Demon Form+1","Heavy Blade+1","Impervious","Shockwave","Spot Weakness"],"special_seed":0,"relics":["Burning Blood","FossilizedHelix","Dream Catcher","Anchor","Nunchaku","Velvet Choker","Red Skull","StrikeDummy","Bottled Tornado","Mummified Hand","Tiny Chest","SacredBark","Lizard Tail","Bronze Scales","Boot","Charon\u0027s Ashes"],"potions_floor_usage":[45,50,50],"damage_taken":[{"damage":2.0,"enemies":"2 Louse","floor":1.0,"turns":4.0},{"damage":0.0,"enemies":"Jaw Worm","floor":4.0,"turns":3.0},{"damage":0.0,"enemies":"Small Slimes","floor":5.0,"turns":3.0},{"damage":0.0,"enemies":"Gremlin Nob","floor":7.0,"turns":3.0},{"damage":0.0,"enemies":"Blue Slaver","floor":8.0,"turns":3.0},{"damage":6.0,"enemies":"Exordium Thugs","floor":10.0,"turns":4.0},{"damage":7.0,"enemies":"Lagavulin","floor":11.0,"turns":7.0},{"damage":6.0,"enemies":"Exordium Wildlife","floor":13.0,"turns":5.0},{"damage":0.0,"enemies":"Blue Slaver","floor":14.0,"turns":3.0},{"damage":49.0,"enemies":"Slime Boss","floor":16.0,"turns":11.0},{"damage":12.0,"enemies":"Shell Parasite","floor":18.0,"turns":5.0},{"damage":0.0,"enemies":"Chosen","floor":19.0,"turns":3.0},{"damage":0.0,"enemies":"Centurion and Healer","floor":21.0,"turns":5.0},{"damage":7.0,"enemies":"Gremlin Leader","floor":23.0,"turns":5.0},{"damage":7.0,"enemies":"Slavers","floor":25.0,"turns":4.0},{"damage":15.0,"enemies":"Gremlin Leader","floor":27.0,"turns":6.0},{"damage":0.0,"enemies":"Snake Plant","floor":28.0,"turns":3.0},{"damage":0.0,"enemies":"Shelled Parasite and Fungi","floor":29.0,"turns":4.0},{"damage":0.0,"enemies":"Cultist and Chosen","floor":30.0,"turns":3.0},{"damage":3.0,"enemies":"Book of Stabbing","floor":31.0,"turns":5.0},{"damage":16.0,"enemies":"Automaton","floor":33.0,"turns":11.0},{"damage":0,"enemies":"Orb Walker","floor":35,"turns":3},{"damage":0,"enemies":"3 Shapes","floor":38,"turns":4},{"damage":3,"enemies":"Giant Head","floor":41,"turns":7},{"damage":0,"enemies":"Transient","floor":42,"turns":5},{"damage":0,"enemies":"Sphere and 2 Shapes","floor":44,"turns":2},{"damage":0,"enemies":"3 Darklings","floor":45,"turns":2},{"damage":11,"enemies":"Spire Growth","floor":46,"turns":5},{"damage":0,"enemies":"Transient","floor":47,"turns":5},{"damage":44,"enemies":"Awakened One","floor":50,"turns":10}],"seed_played":"5318373513687581911","potions_obtained":[{"floor":5.0,"key":"SpeedPotion"},{"floor":7.0,"key":"DuplicationPotion"},{"floor":16.0,"key":"Weak Potion"},{"floor":23.0,"key":"FearPotion"},{"floor":27.0,"key":"LiquidMemories"},{"floor":33.0,"key":"SkillPotion"},{"floor":35,"key":"Explosive Potion"},{"floor":47,"key":"ColorlessPotion"}],"is_trial":false,"path_per_floor":["M","?","$","M","M","R","E","M","T","M","E","?","M","M","R","B",null,"M","M","?","M","$","E","R","E","T","E","M","M","M","E","R","B",null,"M","?","?","M","$","R","E","M","T","M","M","M","M","$","R","B",null],"character_chosen":"IRONCLAD","items_purchased":["Anger","Battle Trance","Inflame","Lizard Tail","Spot Weakness","Charon\u0027s Ashes"],"campfire_rested":0,"item_purchase_floors":[3,22,39,39,48,48],"current_hp_per_floor":[72,68,68,68,68,68,68,68,68,68,67,67,67,68,68,25,57,51,57,57,63,63,62,62,61,61,52,58,64,68,68,68,58,66,68,68,68,68,68,68,68,68,68,68,68,63,68,68,68,30],"gold":2,"neow_bonus":"ONE_RARE_RELIC","is_prod":false,"is_daily":false,"chose_seed":false,"campfire_upgraded":6,"win_rate":0,"timestamp":1607999471,"path_taken":["M","?","$","M","M","R","E","M","T","M","E","?","M","?","R","BOSS","M","M","?","M","$","E","R","E","T","E","M","M","M","E","R","BOSS","M","?","?","M","$","R","E","M","T","M","?","M","M","$","R","BOSS"],"build_version":"2020-12-13","purchased_purges":4,"victory":true,"max_hp_per_floor":[75,68,68,68,68,68,68,68,68,68,68,68,68,68,68,68,68,68,68,68,68,68,68,68,68,68,68,68,68,68,68,68,68,68,68,68,68,68,68,68,68,68,68,68,68,68,68,68,68,68],"card_choices":[{"not_picked":["Sword Boomerang","Rupture"],"picked":"Pommel Strike","floor":1.0},{"not_picked":["Flex","Sever Soul","Wild Strike"],"picked":"SKIP","floor":4.0},{"not_picked":["True Grit","Warcry"],"picked":"Headbutt","floor":5.0},{"not_picked":["Sword Boomerang","Heavy Blade"],"picked":"Iron Wave","floor":7.0},{"not_picked":["Thunderclap","Blood for Blood","Dropkick"],"picked":"SKIP","floor":8.0},{"not_picked":["Anger","Iron Wave"],"picked":"Metallicize","floor":10.0},{"not_picked":["Twin Strike","Anger","Evolve"],"picked":"SKIP","floor":11.0},{"not_picked":["Shrug It Off","Clash"],"picked":"Impervious","floor":13.0},{"not_picked":["Flex","Perfected Strike","Wild Strike"],"picked":"SKIP","floor":14.0},{"not_picked":["Corruption","Fiend Fire"],"picked":"Immolate","floor":16.0},{"not_picked":["Perfected Strike","Havoc"],"picked":"Clothesline+1","floor":18.0},{"not_picked":["Clash","Heavy Blade"],"picked":"Thunderclap+1","floor":19.0},{"not_picked":["Thunderclap","Armaments","Iron Wave"],"picked":"SKIP","floor":21.0},{"not_picked":["Thunderclap","Uppercut","Ghostly Armor"],"picked":"SKIP","floor":23.0},{"not_picked":["Clash","Anger+1","Pommel Strike"],"picked":"SKIP","floor":25.0},{"not_picked":["Havoc","Dropkick","Bludgeon"],"picked":"SKIP","floor":27.0},{"not_picked":["Entrench","Warcry"],"picked":"Shrug It Off+1","floor":28.0},{"not_picked":["Havoc","Wild Strike","Twin Strike"],"picked":"SKIP","floor":29.0},{"not_picked":["Havoc","Wild Strike","Warcry"],"picked":"SKIP","floor":30.0},{"not_picked":["Reckless Charge","Corruption"],"picked":"Twin Strike","floor":31.0},{"not_picked":["Limit Break","Reaper"],"picked":"Demon Form","floor":33.0},{"not_picked":["Flex","Clothesline"],"picked":"Heavy Blade","floor":35},{"not_picked":["Warcry","Headbutt+1","Heavy Blade"],"picked":"SKIP","floor":38},{"not_picked":["Whirlwind","Rage+1"],"picked":"Impervious","floor":41},{"not_picked":["Pommel Strike+1","Thunderclap+1"],"picked":"Shockwave","floor":42},{"not_picked":["Havoc","Iron Wave","Entrench"],"picked":"SKIP","floor":44},{"not_picked":["Metallicize","Intimidate","Sever Soul"],"picked":"SKIP","floor":45},{"not_picked":["Headbutt+1","Perfected Strike","Anger"],"picked":"SKIP","floor":46},{"not_picked":["Warcry+1","Body Slam+1","Shrug It Off"],"picked":"SKIP","floor":47}],"player_experience":4585243,"relics_obtained":[{"floor":7.0,"key":"Dream Catcher"},{"floor":9.0,"key":"Anchor"},{"floor":11.0,"key":"Nunchaku"},{"floor":23.0,"key":"Red Skull"},{"floor":25.0,"key":"StrikeDummy"},{"floor":26.0,"key":"Bottled Tornado"},{"floor":27.0,"key":"Mummified Hand"},{"floor":31.0,"key":"Tiny Chest"},{"floor":41,"key":"Bronze Scales"},{"floor":43,"key":"Boot"}],"event_choices":[{"damage_healed":0.0,"max_hp_gain":0.0,"max_hp_loss":7.0,"gold_gain":0.0,"event_name":"Golden Idol","player_choice":"Lose Max HP","floor":2.0,"gold_loss":0.0,"damage_taken":0.0,"relics_obtained":["Golden Idol"]},{"damage_healed":0.0,"max_hp_gain":0.0,"max_hp_loss":0.0,"gold_gain":0.0,"event_name":"Liars Game","player_choice":"Ignored","floor":12.0,"gold_loss":0.0,"damage_taken":0.0},{"damage_healed":0.0,"max_hp_gain":0.0,"max_hp_loss":0.0,"gold_gain":0.0,"event_name":"Back to Basics","player_choice":"Simplicity","floor":20.0,"gold_loss":0.0,"damage_taken":0.0,"cards_upgraded":["Strike_R","Strike_R","Strike_R","Strike_R","Strike_R","Defend_R","Defend_R","Defend_R","Defend_R"]},{"damage_healed":0,"gold_gain":333,"player_choice":"Gave Idol","damage_taken":0,"max_hp_gain":0,"max_hp_loss":0,"event_name":"The Moai Head","floor":36,"relics_lost":["Golden Idol"],"gold_loss":0},{"cards_removed":["Strike_R"],"damage_healed":0,"gold_gain":0,"player_choice":"Removed Attack","damage_taken":0,"max_hp_gain":0,"max_hp_loss":0,"event_name":"Falling","floor":37,"gold_loss":0}],"is_beta":false,"boss_relics":[{"not_picked":["Runic Cube","Empty Cage"],"picked":"Velvet Choker"},{"not_picked":["Astrolabe","Cursed Key"],"picked":"SacredBark"}],"items_purged_floors":[3,22,39,48],"is_endless":false,"potions_floor_spawned":[5,7,13,16,23,25,27,33,35,41,47],"ascension_level":15}