{"gold_per_floor":[217,217,228,244,255,283,283,313,339,364,364,376,389,414,414,414],"floor_reached":16,"playtime":584,"items_purged":[],"score":275,"play_id":"d7200bfd-a5ed-46c2-bedc-cf815e20a4d0","local_time":"20201212155613","is_ascension_mode":true,"campfire_choices":[{"data":"Immolate","floor":7.0,"key":"SMITH"},{"data":"Clothesline","floor":11.0,"key":"SMITH"},{"data":"True Grit","floor":15.0,"key":"SMITH"}],"neow_cost":"NONE","seed_source_timestamp":101954330470000,"circlet_count":0,"master_deck":["AscendersBane","Strike_R","Strike_R","Strike_R","Strike_R+1","Strike_R","Defend_R","Defend_R","Defend_R","Defend_R","Bash+1","Clothesline+1","Ghostly Armor","Immolate+1","Headbutt+1","Fire Breathing","Impervious","True Grit+1","Flame Barrier"],"special_seed":0,"relics":["Burning Blood","Nunchaku","Whetstone","Lantern","Potion Belt","Sundial"],"potions_floor_usage":[16,16],"damage_taken":[{"damage":14.0,"enemies":"Jaw Worm","floor":1.0,"turns":6.0},{"damage":4.0,"enemies":"Small Slimes","floor":3.0,"turns":4.0},{"damage":3.0,"enemies":"Cultist","floor":4.0,"turns":4.0},{"damage":2.0,"enemies":"3 Louse","floor":5.0,"turns":4.0},{"damage":25.0,"enemies":"Lagavulin","floor":6.0,"turns":6.0},{"damage":20.0,"enemies":"Gremlin Nob","floor":8.0,"turns":4.0},{"damage":0.0,"enemies":"3 Sentries","floor":10.0,"turns":2.0},{"damage":1.0,"enemies":"2 Fungi Beasts","floor":12.0,"turns":3.0},{"damage":0.0,"enemies":"Large Slime","floor":13.0,"turns":4.0},{"damage":32.0,"enemies":"Lagavulin","floor":14.0,"turns":9.0},{"damage":31,"enemies":"Hexaghost","floor":16,"turns":10}],"seed_played":"508273182783994722","potions_obtained":[{"floor":5.0,"key":"Swift Potion"},{"floor":6.0,"key":"GamblersBrew"},{"floor":12.0,"key":"Swift Potion"},{"floor":13.0,"key":"SteroidPotion"}],"is_trial":false,"path_per_floor":["M","?","M","M","M","E","R","E","T","E","R","M","M","E","R","B"],"character_chosen":"IRONCLAD","items_purchased":[],"campfire_rested":0,"item_purchase_floors":[],"current_hp_per_floor":[60,60,62,65,69,50,50,36,36,42,42,47,53,27,27,0],"gold":414,"neow_bonus":"HUNDRED_GOLD","is_prod":false,"is_daily":false,"chose_seed":false,"campfire_upgraded":3,"win_rate":0,"timestamp":1607817373,"path_taken":["M","?","M","M","M","E","R","E","T","E","R","M","M","E","R","BOSS"],"build_version":"2020-11-30","purchased_purges":0,"victory":false,"max_hp_per_floor":[75,75,75,75,75,75,75,75,75,75,75,75,75,75,75,75],"card_choices":[{"not_picked":["Havoc","Body Slam","Dual Wield"],"picked":"SKIP","floor":1.0},{"not_picked":["Perfected Strike","Havoc"],"picked":"Clothesline","floor":3.0},{"not_picked":["Perfected Strike","Rage"],"picked":"Ghostly Armor","floor":4.0},{"not_picked":["Headbutt","Carnage"],"picked":"Immolate","floor":5.0},{"not_picked":["Uppercut","Pommel Strike"],"picked":"Headbutt","floor":6.0},{"not_picked":["Sword Boomerang","Perfected Strike"],"picked":"Fire Breathing","floor":8.0},{"not_picked":["Feed","Thunderclap"],"picked":"Impervious","floor":10.0},{"not_picked":["Thunderclap","Rampage"],"picked":"True Grit","floor":12.0},{"not_picked":["Havoc","Burning Pact"],"picked":"Flame Barrier","floor":13.0},{"not_picked":["Clothesline","Pommel Strike","Clash"],"picked":"SKIP","floor":14.0}],"player_experience":4582536,"relics_obtained":[{"floor":6.0,"key":"Nunchaku"},{"floor":8.0,"key":"Whetstone"},{"floor":9.0,"key":"Lantern"},{"floor":10.0,"key":"Potion Belt"},{"floor":14.0,"key":"Sundial"}],"event_choices":[{"damage_healed":0.0,"max_hp_gain":0.0,"max_hp_loss":0.0,"gold_gain":0.0,"event_name":"Living Wall","player_choice":"Grow","floor":2.0,"gold_loss":0.0,"damage_taken":0.0,"cards_upgraded":["Bash"]}],"is_beta":false,"boss_relics":[],"items_purged_floors":[],"is_endless":false,"potions_floor_spawned":[5,6,12,13],"killed_by":"Hexaghost","ascension_level":15}