{"gold_per_floor":[119,130,205,130,150,185,185,37,37,72,92,104,104,130,130,207,207,224,237,137,153,153,153,153,188,188,216,231,244,244,244,244,321,321,341,10,10,26,26,56,68,94,131,159,171,212,25,42,42,42],"floor_reached":51,"playtime":1888,"items_purged":["Strike_R","Strike_R","Strike_R"],"score":1301,"play_id":"67cb882b-e695-4a49-8e8c-a487acda8334","local_time":"20210101181123","is_ascension_mode":true,"campfire_choices":[{"data":"Uppercut","floor":7.0,"key":"SMITH"},{"floor":13.0,"key":"REST"},{"data":"Inflame","floor":15.0,"key":"SMITH"},{"data":"Whirlwind","floor":23.0,"key":"SMITH"},{"data":"Spot Weakness","floor":30.0,"key":"SMITH"},{"data":"Shockwave","floor":32.0,"key":"SMITH"},{"floor":41.0,"key":"REST"},{"floor":49,"key":"REST"}],"neow_cost":"NONE","seed_source_timestamp":171742453221500,"circlet_count":0,"master_deck":["AscendersBane","Strike_R+1","Strike_R","Defend_R","Defend_R","Defend_R","Defend_R","Bash+1","Uppercut+1","Power Through","Whirlwind+1","Cleave","Iron Wave","Inflame+1","Bludgeon","Anger+1","Metallicize","Fiend Fire","Spot Weakness+1","Battle Trance","Feel No Pain","Offering","Shockwave+1","Metallicize+1","Necronomicurse","Corruption","Exhume","Offering","Heavy Blade","Flame Barrier","Feel No Pain+1","Sentinel+1"],"special_seed":0,"relics":["Burning Blood","Orichalcum","InkBottle","Question Card","Velvet Choker","Nloth\u0027s Gift","Pantograph","Happy Flower","Ancient Tea Set","Necronomicon","SacredBark","DollysMirror","MawBank","Anchor","Potion Belt","Whetstone"],"potions_floor_usage":[50,50,50],"damage_taken":[{"damage":2.0,"enemies":"2 Louse","floor":1.0,"turns":4.0},{"damage":7.0,"enemies":"Jaw Worm","floor":2.0,"turns":3.0},{"damage":1.0,"enemies":"Cultist","floor":5.0,"turns":4.0},{"damage":31.0,"enemies":"Lagavulin","floor":6.0,"turns":8.0},{"damage":30.0,"enemies":"3 Sentries","floor":10.0,"turns":8.0},{"damage":0.0,"enemies":"Exordium Wildlife","floor":11.0,"turns":2.0},{"damage":4.0,"enemies":"Exordium Thugs","floor":12.0,"turns":4.0},{"damage":5.0,"enemies":"Lagavulin","floor":14.0,"turns":7.0},{"damage":26.0,"enemies":"Slime Boss","floor":16.0,"turns":9.0},{"damage":7.0,"enemies":"Spheric Guardian","floor":18.0,"turns":4.0},{"damage":0.0,"enemies":"3 Byrds","floor":19.0,"turns":3.0},{"damage":0.0,"enemies":"Centurion and Healer","floor":21.0,"turns":4.0},{"damage":20.0,"enemies":"Slavers","floor":25.0,"turns":5.0},{"damage":16.0,"enemies":"Book of Stabbing","floor":27.0,"turns":4.0},{"damage":13.0,"enemies":"Cultist and Chosen","floor":28.0,"turns":5.0},{"damage":6.0,"enemies":"3 Cultists","floor":29.0,"turns":4.0},{"damage":17.0,"enemies":"Automaton","floor":33.0,"turns":4.0},{"damage":19.0,"enemies":"3 Shapes","floor":35.0,"turns":9.0},{"damage":9.0,"enemies":"Orb Walker","floor":38.0,"turns":3.0},{"damage":28.0,"enemies":"Reptomancer","floor":40.0,"turns":4.0},{"damage":20.0,"enemies":"4 Shapes","floor":42.0,"turns":5.0},{"damage":0.0,"enemies":"Jaw Worm Horde","floor":44.0,"turns":1.0},{"damage":26.0,"enemies":"Giant Head","floor":46.0,"turns":7.0},{"damage":6,"enemies":"Transient","floor":48,"turns":5},{"damage":14,"enemies":"Time Eater","floor":50,"turns":7}],"seed_played":"-9092302881529519913","potions_obtained":[{"floor":2.0,"key":"Weak Potion"},{"floor":5.0,"key":"SpeedPotion"},{"floor":12.0,"key":"Swift Potion"},{"floor":14.0,"key":"Block Potion"},{"floor":16.0,"key":"BloodPotion"},{"floor":19.0,"key":"BlessingOfTheForge"},{"floor":25.0,"key":"LiquidBronze"},{"floor":27.0,"key":"Strength Potion"},{"floor":29.0,"key":"Energy Potion"},{"floor":44.0,"key":"SkillPotion"},{"floor":46.0,"key":"ColorlessPotion"},{"floor":48,"key":"Swift Potion"}],"is_trial":false,"path_per_floor":["M","M","?","$","M","E","R","$","T","E","M","M","R","E","R","B",null,"M","M","$","M","?","R","?","E","T","E","M","M","R","?","R","B",null,"M","$","?","M","$","E","R","M","T","M","?","E","$","M","R","B",null],"character_chosen":"IRONCLAD","items_purchased":["Whirlwind","Inflame","DollysMirror","SteroidPotion","Dexterity Potion","Whetstone"],"campfire_rested":3,"item_purchase_floors":[4,8,36,36,47,47],"current_hp_per_floor":[72,71,60,60,65,40,40,40,40,16,22,24,46,47,47,27,63,62,68,68,74,74,74,74,60,60,50,43,58,58,37,37,51,69,56,56,56,53,53,31,53,39,39,45,45,25,25,25,47,64],"gold":42,"neow_bonus":"UPGRADE_CARD","is_prod":false,"is_daily":false,"chose_seed":false,"campfire_upgraded":5,"win_rate":0,"timestamp":1609553483,"path_taken":["M","M","?","$","M","E","R","$","T","E","M","M","R","E","R","BOSS","M","M","$","M","?","R","?","E","T","E","?","M","R","?","R","BOSS","M","$","?","M","?","E","R","M","T","M","?","E","$","M","R","BOSS"],"build_version":"2020-12-22","purchased_purges":3,"victory":true,"max_hp_per_floor":[75,75,75,75,75,75,75,75,75,75,75,75,75,75,75,75,75,75,75,75,75,75,75,75,75,75,75,75,75,75,75,75,75,75,75,75,75,75,75,75,75,75,75,75,75,75,75,75,75,75],"card_choices":[{"not_picked":["Havoc","Cleave"],"picked":"Uppercut","floor":1.0},{"not_picked":["Seeing Red","Burning Pact"],"picked":"Power Through","floor":2.0},{"not_picked":["Clash","Ghostly Armor"],"picked":"Cleave","floor":5.0},{"not_picked":["Ghostly Armor","Combust"],"picked":"Iron Wave","floor":6.0},{"not_picked":["Searing Blow","Power Through"],"picked":"Bludgeon","floor":10.0},{"not_picked":["Wild Strike","Rage","Sword Boomerang"],"picked":"SKIP","floor":11.0},{"not_picked":["Heavy Blade","Clothesline"],"picked":"Anger","floor":12.0},{"not_picked":["Pummel","Bloodletting"],"picked":"Metallicize","floor":14.0},{"not_picked":["Demon Form","Brutality","Double Tap"],"picked":"Fiend Fire","floor":16.0},{"not_picked":["Flex","Wild Strike","Sword Boomerang"],"picked":"Spot Weakness","floor":18.0},{"not_picked":["Clash+1","Wild Strike","Burning Pact"],"picked":"Battle Trance","floor":19.0},{"not_picked":["Sword Boomerang","True Grit","Dropkick+1"],"picked":"Feel No Pain","floor":21.0},{"not_picked":["Flame Barrier","Sever Soul","Bludgeon"],"picked":"Offering","floor":25.0},{"not_picked":["Twin Strike","Reckless Charge","Warcry"],"picked":"Shockwave","floor":27.0},{"not_picked":["Intimidate","Carnage","Metallicize+1","Rupture"],"picked":"SKIP","floor":28.0},{"not_picked":["Intimidate","Carnage","Rupture"],"picked":"Metallicize+1","floor":28.0},{"not_picked":["Havoc+1","Rampage+1","Power Through","Body Slam"],"picked":"SKIP","floor":29.0},{"not_picked":["Havoc+1","Rampage+1","Power Through","Body Slam"],"picked":"SKIP","floor":29.0},{"not_picked":["Double Tap","Exhume","Feed"],"picked":"Corruption","floor":33.0},{"not_picked":["Fiend Fire","Heavy Blade","Wild Strike+1"],"picked":"Exhume","floor":35.0},{"not_picked":["Fire Breathing","Havoc","Sentinel","Carnage"],"picked":"SKIP","floor":38.0},{"not_picked":["Barricade","Whirlwind","Clash+1"],"picked":"Heavy Blade","floor":40.0},{"not_picked":["Dual Wield","Wild Strike+1","Sentinel","Bludgeon"],"picked":"SKIP","floor":42.0},{"not_picked":["Sentinel+1","Cleave","Metallicize"],"picked":"Flame Barrier","floor":44.0},{"not_picked":["Twin Strike+1","Inflame","Thunderclap"],"picked":"Feel No Pain+1","floor":46.0},{"not_picked":["Wild Strike","Shockwave+1","Searing Blow"],"picked":"Sentinel+1","floor":48}],"player_experience":4670445,"relics_obtained":[{"floor":6.0,"key":"Orichalcum"},{"floor":9.0,"key":"InkBottle"},{"floor":10.0,"key":"Unceasing Top"},{"floor":14.0,"key":"Question Card"},{"floor":25.0,"key":"Pantograph"},{"floor":26.0,"key":"Happy Flower"},{"floor":27.0,"key":"Ancient Tea Set"},{"floor":31.0,"key":"Necronomicon"},{"floor":40.0,"key":"MawBank"},{"floor":43.0,"key":"Anchor"},{"floor":46.0,"key":"Potion Belt"}],"event_choices":[{"damage_healed":0.0,"max_hp_gain":0.0,"max_hp_loss":0.0,"gold_gain":75.0,"event_name":"World of Goop","player_choice":"Gather Gold","floor":3.0,"gold_loss":0.0,"damage_taken":11.0},{"damage_healed":0.0,"max_hp_gain":0.0,"max_hp_loss":0.0,"gold_gain":0.0,"event_name":"The Mausoleum","player_choice":"Ignored","floor":22.0,"gold_loss":0.0,"damage_taken":0.0},{"damage_healed":0.0,"max_hp_gain":0.0,"max_hp_loss":0.0,"gold_gain":0.0,"event_name":"N\u0027loth","player_choice":"Traded Relic","floor":24.0,"relics_lost":["Unceasing Top"],"gold_loss":0.0,"damage_taken":0.0,"relics_obtained":["Nloth\u0027s Gift"]},{"damage_healed":0.0,"max_hp_gain":0.0,"max_hp_loss":0.0,"gold_gain":0.0,"event_name":"Cursed Tome","player_choice":"Obtained Book","floor":31.0,"gold_loss":0.0,"damage_taken":21.0},{"damage_healed":0.0,"max_hp_gain":0.0,"max_hp_loss":0.0,"gold_gain":0.0,"event_name":"Lab","player_choice":"Got Potions","floor":37.0,"gold_loss":0.0,"damage_taken":0.0},{"damage_healed":0.0,"max_hp_gain":0.0,"max_hp_loss":0.0,"gold_gain":0.0,"event_name":"SensoryStone","player_choice":"Memory 1","floor":45.0,"gold_loss":0.0,"damage_taken":0.0}],"is_beta":false,"boss_relics":[{"not_picked":["Runic Dome","Black Blood"],"picked":"Velvet Choker"},{"not_picked":["Coffee Dripper","Pandora\u0027s Box"],"picked":"SacredBark"}],"items_purged_floors":[8,20,36],"is_endless":false,"potions_floor_spawned":[2,5,12,14,16,19,25,27,29,38,44,46,48],"ascension_level":15}