{"gold_per_floor":[365,365,383,175,194,226,226,251,251,251,264,189,200,217,217,295,295,306,306,316,331,331,343,414,414,414,443,443,475,490,133,133,207,207,217,66,66,85,103,103,121,134,134,150,150,164,164],"floor_reached":47,"playtime":4027,"items_purged":["Strike_R","Strike_R"],"score":867,"play_id":"7cfe4004-10ab-4dbb-8474-1993a6616ebc","local_time":"20210116194946","is_ascension_mode":true,"campfire_choices":[{"data":"Uppercut","floor":7.0,"key":"SMITH"},{"data":"Shrug It Off","floor":10.0,"key":"SMITH"},{"data":"Disarm","floor":15.0,"key":"SMITH"},{"data":"Juggernaut","floor":25,"key":"SMITH"},{"data":"Metallicize","floor":28,"key":"SMITH"},{"data":"Metallicize","floor":32,"key":"SMITH"},{"data":"Barricade","floor":40,"key":"SMITH"},{"data":"Impervious","floor":45,"key":"SMITH"}],"neow_cost":"PERCENT_DAMAGE","seed_source_timestamp":210960072533100,"circlet_count":0,"master_deck":["AscendersBane","Strike_R","Strike_R","Defend_R","Defend_R","Defend_R","Defend_R","Bash","Infernal Blade","Iron Wave","Iron Wave","Uppercut+1","Shrug It Off+1","Iron Wave+1","Disarm+1","Iron Wave+1","Juggernaut+1","Headbutt+1","Body Slam+1","Metallicize+1","Offering","Metallicize+1","Barricade+1","Iron Wave+1","Juggernaut+1","Pommel Strike+1","True Grit+1","Impervious+1","Clothesline+1"],"special_seed":0,"relics":["Burning Blood","Lee\u0027s Waffle","Tiny Chest","StoneCalendar","Molten Egg 2","Coffee Dripper","Mummified Hand","Pen Nib","Question Card","Bag of Preparation","Philosopher\u0027s Stone","TheAbacus","Orichalcum"],"potions_floor_usage":[27,27,29,33,39,41,44],"damage_taken":[{"damage":8.0,"enemies":"Jaw Worm","floor":1.0,"turns":5.0},{"damage":0.0,"enemies":"Cultist","floor":3.0,"turns":3.0},{"damage":0.0,"enemies":"2 Louse","floor":5.0,"turns":3.0},{"damage":50.0,"enemies":"Lagavulin","floor":6.0,"turns":8.0},{"damage":14.0,"enemies":"Gremlin Nob","floor":8.0,"turns":4.0},{"damage":3.0,"enemies":"Exordium Wildlife","floor":11.0,"turns":5.0},{"damage":2.0,"enemies":"Looter","floor":13.0,"turns":4.0},{"damage":0.0,"enemies":"Exordium Thugs","floor":14.0,"turns":6.0},{"damage":10.0,"enemies":"Hexaghost","floor":16.0,"turns":9.0},{"damage":0.0,"enemies":"Chosen","floor":18.0,"turns":4.0},{"damage":11.0,"enemies":"Spheric Guardian","floor":20.0,"turns":4.0},{"damage":10.0,"enemies":"Centurion and Healer","floor":21.0,"turns":6.0},{"damage":17,"enemies":"Cultist and Chosen","floor":23,"turns":6},{"damage":9,"enemies":"Gremlin Leader","floor":27,"turns":6},{"damage":27,"enemies":"Slavers","floor":29,"turns":6},{"damage":4,"enemies":"Shelled Parasite and Fungi","floor":30,"turns":3},{"damage":42,"enemies":"Automaton","floor":33,"turns":9},{"damage":29,"enemies":"3 Darklings","floor":35,"turns":4},{"damage":0,"enemies":"Orb Walker","floor":38,"turns":2},{"damage":0,"enemies":"Spire Growth","floor":39,"turns":6},{"damage":13,"enemies":"Writhing Mass","floor":41,"turns":4},{"damage":6,"enemies":"3 Darklings","floor":42,"turns":3},{"damage":6,"enemies":"Sphere and 2 Shapes","floor":44,"turns":3},{"damage":28,"enemies":"Writhing Mass","floor":46,"turns":5},{"damage":47,"enemies":"Reptomancer","floor":47,"turns":4}],"seed_played":"-8107318953123429937","potions_obtained":[{"floor":1.0,"key":"Swift Potion"},{"floor":6.0,"key":"Ancient Potion"},{"floor":8.0,"key":"LiquidBronze"},{"floor":13.0,"key":"DistilledChaos"},{"floor":18.0,"key":"Regen Potion"},{"floor":20.0,"key":"Explosive Potion"},{"floor":27,"key":"Strength Potion"},{"floor":38,"key":"Fruit Juice"},{"floor":39,"key":"SneckoOil"},{"floor":41,"key":"Ancient Potion"}],"is_trial":false,"path_per_floor":["M","?","M","$","M","E","R","E","T","R","M","$","M","M","R","B",null,"M","?","M","M","?","M","T","R","T","E","R","E","M","$","R","B",null,"M","$","?","M","M","R","M","M","T","M","R","M","E"],"character_chosen":"IRONCLAD","items_purchased":["Lee\u0027s Waffle","Strength Potion","BloodPotion","Bag of Preparation","SpeedPotion","TheAbacus"],"campfire_rested":0,"item_purchase_floors":[4,4,31,31,31,36],"current_hp_per_floor":[48,48,54,82,82,38,38,30,30,30,33,33,37,43,43,39,71,77,77,72,68,68,57,57,57,57,69,69,48,50,50,50,14,65,42,42,42,48,70,70,68,68,68,68,68,46,0],"gold":164,"neow_bonus":"TWO_FIFTY_GOLD","is_prod":false,"is_daily":false,"chose_seed":false,"campfire_upgraded":8,"win_rate":0,"timestamp":1610855386,"path_taken":["M","?","M","$","M","E","R","E","T","R","M","?","M","M","R","BOSS","M","?","M","M","?","M","?","R","T","E","R","E","M","$","R","BOSS","M","$","?","M","M","R","M","?","T","M","R","M","E"],"build_version":"2020-12-22","purchased_purges":2,"victory":false,"max_hp_per_floor":[75,75,75,82,82,82,82,82,82,82,82,82,82,82,82,82,82,82,82,82,82,82,82,82,82,82,82,82,82,82,82,82,82,82,82,82,82,82,82,82,87,87,87,87,87,87,87],"card_choices":[{"not_picked":["Seeing Red","Body Slam"],"picked":"Infernal Blade","floor":1.0},{"not_picked":["Clash","Flex"],"picked":"Iron Wave","floor":3.0},{"not_picked":["Warcry","Flex"],"picked":"Iron Wave","floor":5.0},{"not_picked":["Shrug It Off","Armaments"],"picked":"Uppercut","floor":6.0},{"not_picked":["True Grit","Dark Embrace"],"picked":"Shrug It Off","floor":8.0},{"not_picked":["Heavy Blade+1","Pummel+1"],"picked":"Iron Wave+1","floor":11.0},{"not_picked":["Searing Blow+1","Bludgeon+1"],"picked":"Disarm","floor":13.0},{"not_picked":["Seeing Red","Havoc"],"picked":"Iron Wave+1","floor":14.0},{"not_picked":["Demon Form","Brutality"],"picked":"Juggernaut","floor":16.0},{"not_picked":["Combust","Shockwave"],"picked":"Headbutt+1","floor":18.0},{"not_picked":["Wild Strike+1","Heavy Blade+1"],"picked":"Body Slam+1","floor":20.0},{"not_picked":["Perfected Strike+1","Power Through","Blood for Blood+1"],"picked":"SKIP","floor":21.0},{"not_picked":["Entrench","Twin Strike+1"],"picked":"Metallicize","floor":23},{"not_picked":["Whirlwind+1","Disarm","Combust"],"picked":"SKIP","floor":27},{"not_picked":["Thunderclap+1","Pommel Strike+1"],"picked":"Offering","floor":29},{"not_picked":["Clash+1","Wild Strike+1","Seeing Red"],"picked":"Metallicize","floor":30},{"not_picked":["Double Tap","Fiend Fire+1","Limit Break"],"picked":"Barricade","floor":33},{"not_picked":["Body Slam+1","Havoc","Clothesline+1"],"picked":"Iron Wave+1","floor":35},{"not_picked":["Havoc","Perfected Strike+1","Anger+1"],"picked":"Pommel Strike+1","floor":38},{"not_picked":["Rupture+1","Infernal Blade","Perfected Strike+1"],"picked":"True Grit+1","floor":39},{"not_picked":["Armaments","Inflame","Sword Boomerang+1","Warcry"],"picked":"SKIP","floor":41},{"not_picked":["True Grit","Shockwave+1","Havoc+1"],"picked":"Impervious","floor":42},{"not_picked":["True Grit","Warcry+1","Sentinel"],"picked":"Clothesline+1","floor":44},{"not_picked":["Cleave+1","Seeing Red","Clash+1","Havoc"],"picked":"SKIP","floor":46}],"player_experience":4693457,"relics_obtained":[{"floor":6.0,"key":"Tiny Chest"},{"floor":8.0,"key":"StoneCalendar"},{"floor":9.0,"key":"Molten Egg 2"},{"floor":24,"key":"Mummified Hand"},{"floor":27,"key":"Pen Nib"},{"floor":29,"key":"Question Card"},{"floor":43,"key":"Orichalcum"}],"event_choices":[{"cards_removed":["Strike_R"],"damage_healed":0.0,"max_hp_gain":0.0,"max_hp_loss":0.0,"gold_gain":0.0,"event_name":"Purifier","player_choice":"Purged","floor":2.0,"gold_loss":0.0,"damage_taken":0.0},{"damage_healed":0.0,"max_hp_gain":0.0,"max_hp_loss":0.0,"gold_gain":0.0,"event_name":"Vampires","player_choice":"Ignored","floor":19.0,"gold_loss":0.0,"damage_taken":0.0},{"damage_healed":0,"gold_gain":0,"player_choice":"Ignored","damage_taken":0,"max_hp_gain":0,"max_hp_loss":0,"event_name":"Cursed Tome","floor":22,"gold_loss":0},{"damage_healed":0,"gold_gain":0,"player_choice":"Copied","damage_taken":0,"max_hp_gain":0,"max_hp_loss":0,"event_name":"Duplicator","floor":37,"gold_loss":0,"cards_obtained":["Juggernaut"]}],"is_beta":false,"boss_relics":[{"not_picked":["SacredBark","Empty Cage"],"picked":"Coffee Dripper"},{"not_picked":["Velvet Choker","Pandora\u0027s Box"],"picked":"Philosopher\u0027s Stone"}],"items_purged_floors":[12,31],"is_endless":false,"potions_floor_spawned":[1,6,8,13,18,20,21,27,38,39,41],"killed_by":"Reptomancer","ascension_level":15}