{"gold_per_floor":[114,128,278,291,35,35,51,51,51,81,99,99,111,137,137,209,209,220,71,71,87,102,102,102,102,102,115,145,145,180,204,204,286,286,296,39,55,75,100,135,144,172,195,47,67,67,82,109,109,109],"floor_reached":51,"playtime":1909,"items_purged":["Doubt","Bite"],"score":1317,"play_id":"891ad8a3-4fb8-42d8-836f-27d09e49eefc","local_time":"20210124180613","is_ascension_mode":true,"campfire_choices":[{"data":"Immolate","floor":6.0,"key":"SMITH"},{"data":"Combust","floor":8.0,"key":"SMITH"},{"data":"Feed","floor":15.0,"key":"SMITH"},{"floor":23.0,"key":"REST"},{"floor":32.0,"key":"REST"},{"data":"Disarm","floor":46,"key":"SMITH"},{"data":"Feel No Pain","floor":49,"key":"SMITH"}],"neow_cost":"NONE","seed_source_timestamp":898011396461300,"circlet_count":0,"master_deck":["AscendersBane","Defend_R","Defend_R","Defend_R","Defend_R","Bash","Pommel Strike","Clothesline","Combust+1","Immolate+1","Disarm+1","Feed+1","Rage","Fiend Fire","Metallicize","Feel No Pain+1","Bite","Bite","Bite","Bite","Battle Trance+1","Offering","Feed","Reaper","Iron Wave+1"],"special_seed":0,"relics":["Burning Blood","NeowsBlessing","Kunai","Mummified Hand","Pen Nib","Philosopher\u0027s Stone","PreservedInsect","MutagenicStrength","Frozen Egg 2","Ice Cream","Nilry\u0027s Codex","CeramicFish","Busted Crown","Medical Kit","Magic Flower","Orichalcum","Red Skull","Strange Spoon"],"potions_floor_usage":[50],"damage_taken":[{"damage":0.0,"enemies":"Jaw Worm","floor":1.0,"turns":1.0},{"damage":0.0,"enemies":"2 Louse","floor":2.0,"turns":1.0},{"damage":0.0,"enemies":"Small Slimes","floor":4.0,"turns":1.0},{"damage":10.0,"enemies":"3 Louse","floor":7.0,"turns":3.0},{"damage":17.0,"enemies":"3 Sentries","floor":10.0,"turns":3.0},{"damage":12.0,"enemies":"Exordium Wildlife","floor":11.0,"turns":2.0},{"damage":3.0,"enemies":"Lots of Slimes","floor":13.0,"turns":2.0},{"damage":18.0,"enemies":"Gremlin Nob","floor":14.0,"turns":4.0},{"damage":37.0,"enemies":"Slime Boss","floor":16.0,"turns":8.0},{"damage":21.0,"enemies":"2 Thieves","floor":18.0,"turns":4.0},{"damage":6.0,"enemies":"Chosen","floor":21.0,"turns":3.0},{"damage":38.0,"enemies":"Shelled Parasite and Fungi","floor":22.0,"turns":6.0},{"damage":14.0,"enemies":"Snecko","floor":27.0,"turns":5.0},{"damage":9.0,"enemies":"Slavers","floor":28.0,"turns":4.0},{"damage":11.0,"enemies":"Gremlin Leader","floor":30.0,"turns":5.0},{"damage":30.0,"enemies":"Snake Plant","floor":31.0,"turns":4.0},{"damage":58.0,"enemies":"Automaton","floor":33.0,"turns":8.0},{"damage":10.0,"enemies":"3 Shapes","floor":35.0,"turns":5.0},{"damage":8.0,"enemies":"3 Darklings","floor":37.0,"turns":2.0},{"damage":12.0,"enemies":"4 Shapes","floor":38.0,"turns":1.0},{"damage":46.0,"enemies":"Mind Bloom Boss Battle","floor":39.0,"turns":6.0},{"damage":10.0,"enemies":"Nemesis","floor":40.0,"turns":5.0},{"damage":16,"enemies":"Transient","floor":42,"turns":5},{"damage":43,"enemies":"Writhing Mass","floor":45,"turns":7},{"damage":21,"enemies":"Sphere and 2 Shapes","floor":47,"turns":5},{"damage":0,"enemies":"3 Darklings","floor":48,"turns":1},{"damage":64,"enemies":"Awakened One","floor":50,"turns":13}],"seed_played":"-7560355121141918506","potions_obtained":[{"floor":2.0,"key":"DistilledChaos"},{"floor":11.0,"key":"Weak Potion"},{"floor":13.0,"key":"SteroidPotion"},{"floor":14.0,"key":"GamblersBrew"},{"floor":18.0,"key":"LiquidBronze"},{"floor":30.0,"key":"FearPotion"},{"floor":33.0,"key":"Block Potion"},{"floor":35.0,"key":"Explosive Potion"},{"floor":38.0,"key":"EntropicBrew"},{"floor":42,"key":"Explosive Potion"},{"floor":45,"key":"FearPotion"}],"is_trial":false,"path_per_floor":["M","M","?","M","$","R","M","R","T","E","M","?","M","E","R","B",null,"M","$","?","M","M","R","?","?","T","M","E","?","E","M","R","B",null,"M","$","M","M","?","E","?","M","T","$","M","R","M","M","R","B",null],"character_chosen":"IRONCLAD","items_purchased":["Combust","Immolate","PreservedInsect","Medical Kit","Strange Spoon"],"campfire_rested":2,"item_purchase_floors":[5,5,19,36,44],"current_hp_per_floor":[74,75,75,75,75,75,71,71,71,60,54,59,62,50,50,23,69,58,58,58,58,30,57,57,57,57,59,66,45,52,34,56,24,63,69,69,71,71,51,74,74,82,82,82,74,74,100,100,100,111],"gold":109,"neow_bonus":"THREE_ENEMY_KILL","is_prod":false,"is_daily":false,"chose_seed":false,"campfire_upgraded":5,"win_rate":0,"timestamp":1611540373,"path_taken":["M","M","?","M","$","R","M","R","T","E","M","?","M","E","R","BOSS","M","$","?","M","M","R","?","?","T","M","E","?","E","M","R","BOSS","M","$","M","M","?","E","?","M","T","$","M","R","?","M","R","BOSS"],"build_version":"2020-12-22","purchased_purges":2,"victory":true,"max_hp_per_floor":[75,75,75,75,75,75,75,75,75,75,75,80,80,80,80,84,84,88,88,88,88,92,92,64,64,64,68,72,72,76,76,76,76,76,80,80,80,84,88,92,92,92,92,92,92,92,100,100,100,111],"card_choices":[{"not_picked":["Flex","Power Through"],"picked":"Pommel Strike","floor":1.0},{"not_picked":["Dark Embrace","Thunderclap"],"picked":"Clothesline","floor":2.0},{"not_picked":["Headbutt","Havoc"],"picked":"Anger","floor":4.0},{"not_picked":["Burning Pact","Anger","Wild Strike"],"picked":"SKIP","floor":7.0},{"not_picked":["Pommel Strike","Power Through"],"picked":"Disarm","floor":10.0},{"not_picked":["Thunderclap","Flex","Heavy Blade"],"picked":"SKIP","floor":11.0},{"not_picked":["Clash","Flame Barrier"],"picked":"Feed","floor":13.0},{"not_picked":["Shrug It Off","Hemokinesis"],"picked":"Rage","floor":14.0},{"not_picked":["Berserk","Double Tap"],"picked":"Fiend Fire","floor":16.0},{"not_picked":["Clash","Wild Strike","Havoc"],"picked":"SKIP","floor":18.0},{"not_picked":["Iron Wave","Sword Boomerang"],"picked":"Metallicize","floor":21.0},{"not_picked":["Wild Strike","Fire Breathing"],"picked":"Feel No Pain","floor":22.0},{"not_picked":["Whirlwind","Twin Strike+1","Searing Blow"],"picked":"SKIP","floor":27.0},{"not_picked":["Power Through","Headbutt","Fiend Fire"],"picked":"SKIP","floor":28.0},{"not_picked":["Sword Boomerang","Dropkick","Pommel Strike"],"picked":"SKIP","floor":30.0},{"not_picked":["Entrench+1","Blood for Blood"],"picked":"Battle Trance+1","floor":31.0},{"not_picked":["Juggernaut+1","Double Tap"],"picked":"Offering","floor":33.0},{"not_picked":["Clash+1"],"picked":"SKIP","floor":35.0},{"not_picked":["Flex+1"],"picked":"SKIP","floor":37.0},{"not_picked":["Anger+1"],"picked":"SKIP","floor":38.0},{"not_picked":["Wild Strike"],"picked":"SKIP","floor":40.0},{"not_picked":[],"picked":"Reaper","floor":42},{"not_picked":["Warcry"],"picked":"SKIP","floor":45},{"not_picked":["Rampage+1"],"picked":"SKIP","floor":47},{"not_picked":[],"picked":"Iron Wave+1","floor":48}],"player_experience":4708947,"relics_obtained":[{"floor":9.0,"key":"Kunai"},{"floor":10.0,"key":"Mummified Hand"},{"floor":14.0,"key":"Pen Nib"},{"floor":26.0,"key":"Frozen Egg 2"},{"floor":28.0,"key":"Ice Cream"},{"floor":29.0,"key":"Nilry\u0027s Codex"},{"floor":30.0,"key":"CeramicFish"},{"floor":39.0,"key":"Magic Flower"},{"floor":40.0,"key":"Orichalcum"},{"floor":43,"key":"Red Skull"}],"event_choices":[{"damage_healed":0.0,"max_hp_gain":0.0,"max_hp_loss":0.0,"gold_gain":150.0,"event_name":"Liars Game","player_choice":"AGREE","floor":3.0,"gold_loss":0.0,"damage_taken":0.0,"cards_obtained":["Doubt"]},{"damage_healed":0.0,"max_hp_gain":5.0,"max_hp_loss":0.0,"gold_gain":0.0,"event_name":"Big Fish","player_choice":"Donut","floor":12.0,"gold_loss":0.0,"damage_taken":0.0},{"damage_healed":0.0,"max_hp_gain":0.0,"max_hp_loss":0.0,"gold_gain":0.0,"event_name":"Drug Dealer","player_choice":"Inject Mutagens","floor":20.0,"gold_loss":0.0,"damage_taken":0.0,"relics_obtained":["MutagenicStrength"]},{"damage_healed":0.0,"max_hp_gain":0.0,"max_hp_loss":28.0,"gold_gain":0.0,"event_name":"Vampires","player_choice":"Became a vampire","floor":24.0,"gold_loss":0.0,"damage_taken":0.0,"cards_obtained":["Bite","Bite","Bite","Bite","Bite"]},{"damage_healed":0.0,"max_hp_gain":0.0,"max_hp_loss":0.0,"gold_gain":0.0,"event_name":"The Mausoleum","player_choice":"Ignored","floor":25.0,"gold_loss":0.0,"damage_taken":0.0},{"damage_healed":0.0,"max_hp_gain":0.0,"max_hp_loss":0.0,"gold_gain":0.0,"event_name":"Cursed Tome","player_choice":"Obtained Book","floor":29.0,"gold_loss":0.0,"damage_taken":21.0},{"damage_healed":0.0,"max_hp_gain":0.0,"max_hp_loss":0.0,"gold_gain":0.0,"event_name":"MindBloom","player_choice":"Fight","floor":39.0,"gold_loss":0.0,"damage_taken":0.0},{"damage_healed":0,"gold_gain":0,"cards_transformed":["Anger"],"player_choice":"Transformed","damage_taken":0,"max_hp_gain":0,"max_hp_loss":0,"event_name":"Transmorgrifier","floor":41,"gold_loss":0,"cards_obtained":["Feed"]}],"is_beta":false,"boss_relics":[{"not_picked":["Sozu","Black Star"],"picked":"Philosopher\u0027s Stone"},{"not_picked":["Runic Cube","Calling Bell"],"picked":"Busted Crown"}],"items_purged_floors":[5,36],"is_endless":false,"potions_floor_spawned":[2,11,13,14,18,30,33,35,38,42,45],"ascension_level":15}