{"gold_per_floor":[362,362,376,180,192,225,225,258,329,404,423,437,463,476,476,548,548,567,583,498,509,67,99,149,178,178,178,190,14,42,57,57,131,131,142,152,152,152,166,166,193,193,193,226,237,40,56,90,90,90],"floor_reached":51,"playtime":2172,"items_purged":["Shame","Strike_R","Strike_R"],"score":1861,"play_id":"1cbb3d09-f65d-4715-b420-48e52f3a098c","local_time":"20210125213611","is_ascension_mode":true,"campfire_choices":[{"data":"Bash","floor":7.0,"key":"SMITH"},{"data":"Inflame","floor":15.0,"key":"SMITH"},{"data":"Apotheosis","floor":27.0,"key":"SMITH"},{"data":"Feel No Pain","floor":32.0,"key":"SMITH"},{"data":"Feed","floor":40,"key":"SMITH"},{"data":"Shrug It Off","floor":42,"key":"SMITH"},{"data":"Spot Weakness","floor":49,"key":"SMITH"}],"neow_cost":"CURSE","seed_source_timestamp":996739001634000,"circlet_count":0,"master_deck":["AscendersBane","Strike_R","Strike_R","Strike_R","Defend_R","Defend_R","Defend_R+1","Defend_R","Bash+1","Clothesline","Sword Boomerang","Inflame+1","Hemokinesis","Offering+1","Whirlwind","Feed+1","Power Through","Corruption","Sword Boomerang+1","Apotheosis+1","Armaments","Feel No Pain+1","Battle Trance","Barricade","Shrug It Off+1","Exhume","Body Slam","Metallicize","Impervious","Shrug It Off+1","Spot Weakness+1"],"special_seed":0,"relics":["Burning Blood","Lizard Tail","Ancient Tea Set","Pantograph","InkBottle","Coffee Dripper","War Paint","Bag of Preparation","Pear","Turnip","Kunai","Boot","Snecko Eye","Bottled Lightning","Art of War","Happy Flower","Oddly Smooth Stone"],"potions_floor_usage":[39,50],"damage_taken":[{"damage":10.0,"enemies":"Jaw Worm","floor":1.0,"turns":4.0},{"damage":1.0,"enemies":"Small Slimes","floor":3.0,"turns":4.0},{"damage":0.0,"enemies":"Cultist","floor":5.0,"turns":4.0},{"damage":29.0,"enemies":"3 Sentries","floor":6.0,"turns":8.0},{"damage":8.0,"enemies":"Gremlin Nob","floor":8.0,"turns":2.0},{"damage":17.0,"enemies":"Red Slaver","floor":11.0,"turns":2.0},{"damage":8.0,"enemies":"Looter","floor":12.0,"turns":2.0},{"damage":16.0,"enemies":"3 Sentries","floor":13.0,"turns":3.0},{"damage":6.0,"enemies":"Exordium Thugs","floor":14.0,"turns":3.0},{"damage":8.0,"enemies":"Slime Boss","floor":16.0,"turns":5.0},{"damage":4.0,"enemies":"3 Byrds","floor":18.0,"turns":3.0},{"damage":6.0,"enemies":"Spheric Guardian","floor":19.0,"turns":3.0},{"damage":16.0,"enemies":"Centurion and Healer","floor":21.0,"turns":6.0},{"damage":23.0,"enemies":"Book of Stabbing","floor":23.0,"turns":4.0},{"damage":18.0,"enemies":"Slavers","floor":25.0,"turns":4.0},{"damage":4.0,"enemies":"Sentry and Sphere","floor":28.0,"turns":4.0},{"damage":24.0,"enemies":"Book of Stabbing","floor":30.0,"turns":5.0},{"damage":6.0,"enemies":"3 Cultists","floor":31.0,"turns":4.0},{"damage":81.0,"enemies":"Collector","floor":33.0,"turns":12.0},{"damage":6.0,"enemies":"Orb Walker","floor":35.0,"turns":4.0},{"damage":13.0,"enemies":"3 Darklings","floor":36.0,"turns":4.0},{"damage":8,"enemies":"Maw","floor":39,"turns":6},{"damage":6,"enemies":"Nemesis","floor":41,"turns":7},{"damage":16,"enemies":"Giant Head","floor":44,"turns":6},{"damage":12,"enemies":"4 Shapes","floor":45,"turns":6},{"damage":6,"enemies":"Transient","floor":47,"turns":5},{"damage":6,"enemies":"Nemesis","floor":48,"turns":6},{"damage":10,"enemies":"Time Eater","floor":50,"turns":7}],"seed_played":"-5997378132050668740","potions_obtained":[{"floor":3.0,"key":"AttackPotion"},{"floor":8.0,"key":"DistilledChaos"},{"floor":13.0,"key":"SkillPotion"},{"floor":14.0,"key":"AttackPotion"},{"floor":21.0,"key":"LiquidBronze"},{"floor":23.0,"key":"BlessingOfTheForge"},{"floor":30.0,"key":"Block Potion"},{"floor":31.0,"key":"Fruit Juice"},{"floor":36,"key":"Swift Potion"},{"floor":39,"key":"Explosive Potion"}],"is_trial":false,"path_per_floor":["M","?","M","$","M","E","R","E","T","?","M","M","E","M","R","B",null,"M","M","?","M","$","E","?","E","T","R","M","$","E","M","R","B",null,"M","M","?","$","M","R","E","R","T","E","M","$","M","E","R","B",null],"character_chosen":"IRONCLAD","items_purchased":["Inflame","Fire Potion","Bag of Preparation","Apotheosis","Dexterity Potion","Metallicize","Impervious"],"campfire_rested":0,"item_purchase_floors":[4,4,22,22,29,46,46],"current_hp_per_floor":[64,64,69,69,75,52,52,50,50,39,28,26,16,19,19,45,72,77,77,77,70,70,67,67,59,59,59,65,65,51,55,55,64,104,108,101,101,101,108,108,108,108,108,98,96,96,96,96,96,121],"gold":90,"neow_bonus":"TWO_FIFTY_GOLD","is_prod":false,"is_daily":false,"chose_seed":false,"campfire_upgraded":7,"win_rate":0,"timestamp":1611639371,"path_taken":["M","?","M","$","M","E","R","E","T","?","M","M","E","M","R","BOSS","M","M","?","M","$","E","?","E","T","R","?","?","E","M","R","BOSS","M","M","?","?","M","R","E","R","T","E","?","$","M","E","R","BOSS"],"build_version":"2020-12-22","purchased_purges":3,"victory":true,"max_hp_per_floor":[75,75,75,75,75,75,75,75,75,75,75,75,75,78,78,81,81,84,84,84,87,87,101,101,105,105,105,109,109,113,117,117,117,117,121,121,121,121,130,130,130,130,130,130,134,134,134,134,134,138],"card_choices":[{"not_picked":["Rampage","Sword Boomerang"],"picked":"Clothesline","floor":1.0},{"not_picked":["Perfected Strike","Rage"],"picked":"Sword Boomerang","floor":3.0},{"not_picked":["Body Slam","Armaments"],"picked":"Hemokinesis","floor":5.0},{"not_picked":["Dual Wield","Cleave"],"picked":"Offering","floor":6.0},{"not_picked":["Warcry","Juggernaut"],"picked":"Whirlwind","floor":8.0},{"not_picked":["Iron Wave","Sentinel"],"picked":"Anger","floor":11.0},{"not_picked":["Carnage","Havoc","Warcry"],"picked":"SKIP","floor":12.0},{"not_picked":["Seeing Red","Second Wind"],"picked":"Feed","floor":13.0},{"not_picked":["Twin Strike","Sentinel"],"picked":"Power Through","floor":14.0},{"not_picked":["Exhume","Berserk"],"picked":"Corruption","floor":16.0},{"not_picked":["Twin Strike","Perfected Strike","Anger"],"picked":"SKIP","floor":18.0},{"not_picked":["Perfected Strike+1","Iron Wave+1"],"picked":"Sword Boomerang+1","floor":19.0},{"not_picked":["Reckless Charge","Blood for Blood","Clash+1"],"picked":"SKIP","floor":21.0},{"not_picked":["Rampage","Exhume"],"picked":"Armaments","floor":23.0},{"not_picked":["Whirlwind+1","Havoc","Headbutt"],"picked":"SKIP","floor":25.0},{"not_picked":["Clothesline","Power Through"],"picked":"Feel No Pain","floor":28.0},{"not_picked":["Infernal Blade+1","Blood for Blood","Clothesline"],"picked":"SKIP","floor":30.0},{"not_picked":["Uppercut","Dual Wield"],"picked":"Battle Trance","floor":31.0},{"not_picked":["Fiend Fire","Double Tap"],"picked":"Barricade","floor":33.0},{"not_picked":["Armaments","Infernal Blade","Cleave"],"picked":"SKIP","floor":35.0},{"not_picked":["Battle Trance","Warcry","Intimidate+1"],"picked":"SKIP","floor":36},{"not_picked":["Anger+1","Seeing Red"],"picked":"Shrug It Off","floor":39},{"not_picked":["Infernal Blade","Combust+1"],"picked":"Exhume","floor":41},{"not_picked":["Clothesline+1","Anger+1"],"picked":"Body Slam","floor":44},{"not_picked":["Wild Strike","Rampage","Rage+1"],"picked":"SKIP","floor":45},{"not_picked":["Dual Wield+1","Bloodletting+1"],"picked":"Shrug It Off+1","floor":47},{"not_picked":["Headbutt+1","Rupture"],"picked":"Spot Weakness","floor":48}],"player_experience":4710856,"relics_obtained":[{"floor":6.0,"key":"Lizard Tail"},{"floor":8.0,"key":"Ancient Tea Set"},{"floor":9.0,"key":"Pantograph"},{"floor":13.0,"key":"InkBottle"},{"floor":23.0,"key":"Pear"},{"floor":25.0,"key":"Turnip"},{"floor":26.0,"key":"Kunai"},{"floor":30.0,"key":"Boot"},{"floor":41,"key":"Bottled Lightning"},{"floor":43,"key":"Art of War"},{"floor":44,"key":"Happy Flower"},{"floor":48,"key":"Oddly Smooth Stone"}],"event_choices":[{"damage_healed":0.0,"max_hp_gain":0.0,"max_hp_loss":0.0,"gold_gain":0.0,"event_name":"Liars Game","player_choice":"Ignored","floor":2.0,"gold_loss":0.0,"damage_taken":0.0},{"damage_healed":0.0,"max_hp_gain":0.0,"max_hp_loss":0.0,"gold_gain":75.0,"event_name":"World of Goop","player_choice":"Gather Gold","floor":10.0,"gold_loss":0.0,"damage_taken":11.0},{"damage_healed":0.0,"max_hp_gain":0.0,"max_hp_loss":0.0,"gold_gain":0.0,"event_name":"Addict","player_choice":"Obtained Relic","floor":20.0,"gold_loss":85.0,"damage_taken":0.0,"relics_obtained":["War Paint"]},{"damage_healed":0.0,"max_hp_gain":0.0,"max_hp_loss":0.0,"gold_gain":50.0,"event_name":"Golden Shrine","player_choice":"Pray","floor":24.0,"gold_loss":0.0,"damage_taken":0.0},{"cards_removed":["Anger"],"damage_healed":0,"gold_gain":0,"player_choice":"Purged","damage_taken":0,"max_hp_gain":0,"max_hp_loss":0,"event_name":"Purifier","floor":37,"gold_loss":0}],"is_beta":false,"boss_relics":[{"not_picked":["Empty Cage","Pandora\u0027s Box"],"picked":"Coffee Dripper"},{"not_picked":["Fusion Hammer","Busted Crown"],"picked":"Snecko Eye"}],"items_purged_floors":[4,22,29],"is_endless":false,"potions_floor_spawned":[3,8,13,14,21,23,30,31,36,39,41,44],"ascension_level":15}