{"gold_per_floor":[11,23,38,48,67,67,80,114,114,139,139,171,246,261,261,333,333,344,43,43,59,59,59,75,75,75,86,106,6,6,23,23,102,152,164,175,175,175,193,193,228,228,228,254,273,287,80,94,94,94],"floor_reached":50,"playtime":2231,"items_purged":["Strike_R","Pain","Strike_R"],"score":968,"play_id":"ac363735-3753-4896-827e-6344add279fe","local_time":"20210210154007","is_ascension_mode":true,"campfire_choices":[{"data":"Bash","floor":6.0,"key":"SMITH"},{"data":"Clothesline","floor":11.0,"key":"SMITH"},{"data":"Rage","floor":15.0,"key":"SMITH"},{"data":"Carnage","floor":23.0,"key":"SMITH"},{"floor":30.0,"key":"REST"},{"floor":32.0,"key":"REST"},{"floor":40.0,"key":"REST"},{"data":"Juggernaut","floor":49,"key":"SMITH"}],"neow_cost":"NO_GOLD","seed_source_timestamp":0,"circlet_count":0,"master_deck":["AscendersBane","Strike_R","Defend_R+1","Defend_R+1","Defend_R","Defend_R+1","Bash+1","Clash","Anger","Twin Strike","Carnage+1","Cleave","Flame Barrier","Clothesline+1","Rage+1","Impervious","Iron Wave+1","Warcry","Juggernaut+1","Shockwave","Shrug It Off","Reaper","Second Wind+1","Sword Boomerang+1","Entrench+1","Parasite"],"special_seed":0,"relics":["Burning Blood","StoneCalendar","Blue Candle","PreservedInsect","War Paint","Boot","Philosopher\u0027s Stone","Orichalcum","WarpedTongs","White Beast Statue","Tiny House","Pantograph","Eternal Feather","Smiling Mask","Centennial Puzzle"],"potions_floor_usage":[50,50],"damage_taken":[{"damage":7.0,"enemies":"2 Louse","floor":1.0,"turns":4.0},{"damage":0.0,"enemies":"Jaw Worm","floor":2.0,"turns":3.0},{"damage":1.0,"enemies":"Cultist","floor":3.0,"turns":4.0},{"damage":36.0,"enemies":"Exordium Thugs","floor":4.0,"turns":6.0},{"damage":9.0,"enemies":"Red Slaver","floor":5.0,"turns":3.0},{"damage":15.0,"enemies":"3 Louse","floor":7.0,"turns":2.0},{"damage":10.0,"enemies":"3 Sentries","floor":8.0,"turns":6.0},{"damage":1.0,"enemies":"Lagavulin","floor":10.0,"turns":3.0},{"damage":7.0,"enemies":"Gremlin Nob","floor":12.0,"turns":3.0},{"damage":0.0,"enemies":"Looter","floor":14.0,"turns":2.0},{"damage":20.0,"enemies":"Hexaghost","floor":16.0,"turns":8.0},{"damage":22.0,"enemies":"Shell Parasite","floor":18.0,"turns":4.0},{"damage":15.0,"enemies":"3 Byrds","floor":21.0,"turns":4.0},{"damage":7.0,"enemies":"Snecko","floor":24.0,"turns":5.0},{"damage":14.0,"enemies":"Sentry and Sphere","floor":27.0,"turns":5.0},{"damage":11.0,"enemies":"Centurion and Healer","floor":28.0,"turns":6.0},{"damage":3.0,"enemies":"Chosen and Byrds","floor":31.0,"turns":4.0},{"damage":56.0,"enemies":"Collector","floor":33.0,"turns":9.0},{"damage":0.0,"enemies":"3 Shapes","floor":35.0,"turns":7.0},{"damage":16.0,"enemies":"Orb Walker","floor":36.0,"turns":5.0},{"damage":32.0,"enemies":"3 Darklings","floor":39.0,"turns":7.0},{"damage":17.0,"enemies":"Reptomancer","floor":41.0,"turns":5.0},{"damage":20.0,"enemies":"Nemesis","floor":44.0,"turns":7.0},{"damage":16.0,"enemies":"Maw","floor":45.0,"turns":8.0},{"damage":36.0,"enemies":"Jaw Worm Horde","floor":46.0,"turns":6.0},{"damage":8.0,"enemies":"Writhing Mass","floor":48.0,"turns":7.0},{"damage":98,"enemies":"Awakened One","floor":50,"turns":13}],"seed_played":"-5356118880983716937","potions_obtained":[{"floor":2.0,"key":"FearPotion"},{"floor":3.0,"key":"Swift Potion"},{"floor":4.0,"key":"GamblersBrew"},{"floor":14.0,"key":"Regen Potion"},{"floor":16.0,"key":"AttackPotion"},{"floor":27.0,"key":"FearPotion"},{"floor":28.0,"key":"BlessingOfTheForge"},{"floor":31.0,"key":"DistilledChaos"},{"floor":33.0,"key":"DuplicationPotion"},{"floor":34.0,"key":"Strength Potion"},{"floor":41.0,"key":"Dexterity Potion"}],"is_trial":false,"path_per_floor":["M","M","M","M","M","R","M","E","T","E","R","E","?","M","R","B",null,"M","$","?","M","?","R","M","$","T","M","M","$","R","M","R","B",null,"M","M","?","?","M","R","E","?","T","E","M","M","$","M","R","B"],"character_chosen":"IRONCLAD","items_purchased":["Combust","Orichalcum","Centennial Puzzle"],"campfire_rested":3,"item_purchase_floors":[19,19,47],"current_hp_per_floor":[67,73,75,45,42,42,33,29,29,34,34,33,22,28,28,14,60,56,56,56,47,47,47,46,46,46,38,33,33,55,58,75,25,68,80,70,70,70,55,76,65,65,65,57,52,39,39,37,52,0],"gold":94,"neow_bonus":"ONE_RARE_RELIC","is_prod":false,"is_daily":false,"chose_seed":false,"campfire_upgraded":5,"win_rate":0,"timestamp":1613000407,"path_taken":["M","M","M","M","M","R","M","E","T","E","R","E","?","M","R","BOSS","M","$","?","?","?","R","M","?","T","M","M","$","R","M","R","BOSS","M","M","?","?","M","R","E","?","T","E","M","M","$","?","R","BOSS"],"build_version":"2020-12-22","purchased_purges":3,"victory":false,"max_hp_per_floor":[75,75,75,75,75,75,75,75,75,75,75,75,75,75,75,75,75,75,75,75,75,75,75,75,75,75,75,75,75,75,75,75,75,80,80,80,76,76,76,76,76,76,76,76,76,76,76,76,76,76],"card_choices":[{"not_picked":["Havoc","Rage"],"picked":"Clash","floor":1.0},{"not_picked":["Clash","Searing Blow"],"picked":"Anger","floor":2.0},{"not_picked":["Bloodletting","Limit Break"],"picked":"Twin Strike","floor":3.0},{"not_picked":["Wild Strike","Fire Breathing"],"picked":"Carnage","floor":4.0},{"not_picked":["Headbutt","Hemokinesis"],"picked":"Cleave","floor":5.0},{"not_picked":["Shrug It Off","Cleave"],"picked":"Flame Barrier","floor":7.0},{"not_picked":["Rupture","Berserk","Dropkick"],"picked":"SKIP","floor":8.0},{"not_picked":["Thunderclap","Body Slam"],"picked":"Clothesline","floor":10.0},{"not_picked":["Pommel Strike","Reckless Charge"],"picked":"Rage","floor":12.0},{"not_picked":["Evolve","Intimidate","Thunderclap"],"picked":"SKIP","floor":14.0},{"not_picked":["Feed","Barricade"],"picked":"Impervious","floor":16.0},{"not_picked":["Uppercut","Armaments","Heavy Blade"],"picked":"SKIP","floor":18.0},{"not_picked":["Dark Embrace","Flex"],"picked":"Iron Wave+1","floor":21.0},{"not_picked":["Evolve","Shrug It Off"],"picked":"Shockwave","floor":24.0},{"not_picked":["Warcry","Flex","Iron Wave"],"picked":"SKIP","floor":27.0},{"not_picked":["Perfected Strike","Rampage","Twin Strike"],"picked":"SKIP","floor":28.0},{"not_picked":["Limit Break","Shockwave"],"picked":"Shrug It Off","floor":31.0},{"not_picked":["Bludgeon","Double Tap"],"picked":"Reaper","floor":33.0},{"not_picked":["Clothesline","Wild Strike","Reckless Charge"],"picked":"SKIP","floor":35.0},{"not_picked":["Carnage","Heavy Blade"],"picked":"Second Wind+1","floor":36.0},{"not_picked":["Cleave","Headbutt+1","Fire Breathing"],"picked":"SKIP","floor":39.0},{"not_picked":["Blood for Blood","Twin Strike+1"],"picked":"Sword Boomerang+1","floor":41.0},{"not_picked":["Exhume","Headbutt"],"picked":"Entrench+1","floor":44.0},{"not_picked":["Rage","Sword Boomerang","Carnage"],"picked":"SKIP","floor":45.0},{"not_picked":["Dual Wield","Thunderclap","Rupture"],"picked":"SKIP","floor":46.0},{"not_picked":["Shrug It Off","True Grit","Flex+1"],"picked":"SKIP","floor":48.0}],"player_experience":4746684,"relics_obtained":[{"floor":8.0,"key":"Blue Candle"},{"floor":9.0,"key":"PreservedInsect"},{"floor":10.0,"key":"War Paint"},{"floor":12.0,"key":"Boot"},{"floor":26.0,"key":"White Beast Statue"},{"floor":41.0,"key":"Pantograph"},{"floor":43.0,"key":"Eternal Feather"},{"floor":44.0,"key":"Smiling Mask"}],"event_choices":[{"damage_healed":0.0,"max_hp_gain":0.0,"max_hp_loss":0.0,"gold_gain":75.0,"event_name":"World of Goop","player_choice":"Gather Gold","floor":13.0,"gold_loss":0.0,"damage_taken":11.0},{"damage_healed":0.0,"max_hp_gain":0.0,"max_hp_loss":0.0,"gold_gain":0.0,"event_name":"Accursed Blacksmith","player_choice":"Rummage","floor":20.0,"gold_loss":0.0,"damage_taken":0.0,"relics_obtained":["WarpedTongs"],"cards_obtained":["Pain"]},{"damage_healed":0.0,"max_hp_gain":0.0,"max_hp_loss":0.0,"gold_gain":0.0,"cards_transformed":["Strike_R","Strike_R"],"event_name":"Drug Dealer","player_choice":"Became Test Subject","floor":22.0,"gold_loss":0.0,"damage_taken":0.0,"cards_obtained":["Warcry","Juggernaut"]},{"damage_healed":0.0,"max_hp_gain":0.0,"max_hp_loss":4.0,"gold_gain":0.0,"event_name":"Winding Halls","player_choice":"Max HP","floor":37.0,"gold_loss":0.0,"damage_taken":0.0},{"damage_healed":0.0,"max_hp_gain":0.0,"max_hp_loss":0.0,"gold_gain":0.0,"event_name":"Tomb of Lord Red Mask","player_choice":"Ignored","floor":38.0,"gold_loss":0.0,"damage_taken":0.0},{"cards_removed":["Combust"],"damage_healed":0.0,"max_hp_gain":0.0,"max_hp_loss":0.0,"gold_gain":0.0,"event_name":"Falling","player_choice":"Removed Power","floor":42.0,"gold_loss":0.0,"damage_taken":0.0}],"is_beta":false,"boss_relics":[{"not_picked":["Empty Cage","Ectoplasm"],"picked":"Philosopher\u0027s Stone"},{"not_picked":["Runic Cube","Fusion Hammer"],"picked":"Tiny House"}],"items_purged_floors":[19,29,47],"is_endless":false,"potions_floor_spawned":[2,3,4,5,14,16,27,28,31,33,35,36,39,41,44,45,46,48],"killed_by":"Awakened One","ascension_level":15}