{"gold_per_floor":[114,127,127,14,14,14,44,58,58,91,105,119,119,150,150,228,228,245,245,145,160,160,160,187,187,187,187,207,238,254,291,291,376,376,399,427,449,465,492,526,550,586,586,614,639,655,689,442,442,442,442,442,82,111,111],"floor_reached":56,"playtime":3029,"items_purged":["Pain","Strike_R","Strike_R","Strike_R"],"score":2355,"play_id":"5fe15ca9-717b-4a3b-b7c8-e612b558e8f9","local_time":"20210214100941","is_ascension_mode":true,"campfire_choices":[{"data":"Wild Strike","floor":6.0,"key":"SMITH"},{"data":"Cleave","floor":13.0,"key":"SMITH"},{"data":"Shockwave","floor":15.0,"key":"SMITH"},{"floor":23.0,"key":"REST"},{"floor":25.0,"key":"RECALL"},{"floor":32.0,"key":"REST"},{"floor":49.0,"key":"DIG"},{"floor":52,"key":"DIG"}],"neow_cost":"NONE","seed_source_timestamp":264089562705300,"circlet_count":0,"master_deck":["AscendersBane","Strike_R","Strike_R","Defend_R","Defend_R","Defend_R","Defend_R","Bash","Clothesline","Wild Strike+1","Shockwave+1","Cleave+1","Feel No Pain","Headbutt","Anger","Demon Form","Shrug It Off","True Grit","Shrug It Off","Warcry+1","Dark Embrace","Impervious","Corruption","Shrug It Off","Twin Strike+1","Sword Boomerang+1","Second Wind","Warcry+1","Barricade","Entrench","Havoc+1","Disarm","Feel No Pain","Feel No Pain"],"special_seed":0,"relics":["Burning Blood","WarpedTongs","Incense Burner","Blue Candle","Mango","Matryoshka","Fusion Hammer","Lizard Tail","Lantern","Dead Branch","CeramicFish","Molten Egg 2","Bottled Flame","Philosopher\u0027s Stone","Unceasing Top","Calipers","Centennial Puzzle","Shovel","Omamori","InkBottle","Eternal Feather","Gambling Chip"],"potions_floor_usage":[54,55],"damage_taken":[{"damage":9.0,"enemies":"2 Louse","floor":1.0,"turns":4.0},{"damage":1.0,"enemies":"Cultist","floor":2.0,"turns":3.0},{"damage":25.0,"enemies":"Lagavulin","floor":7.0,"turns":6.0},{"damage":2.0,"enemies":"Jaw Worm","floor":8.0,"turns":3.0},{"damage":12.0,"enemies":"Gremlin Nob","floor":10.0,"turns":3.0},{"damage":0.0,"enemies":"Looter","floor":11.0,"turns":3.0},{"damage":18.0,"enemies":"Exordium Thugs","floor":12.0,"turns":4.0},{"damage":16.0,"enemies":"Lagavulin","floor":14.0,"turns":8.0},{"damage":46.0,"enemies":"The Guardian","floor":16.0,"turns":11.0},{"damage":6.0,"enemies":"3 Byrds","floor":18.0,"turns":5.0},{"damage":3.0,"enemies":"Chosen","floor":21.0,"turns":4.0},{"damage":13.0,"enemies":"Gremlin Leader","floor":24.0,"turns":6.0},{"damage":12.0,"enemies":"Snake Plant","floor":28.0,"turns":5.0},{"damage":14.0,"enemies":"Slavers","floor":29.0,"turns":5.0},{"damage":27.0,"enemies":"Shelled Parasite and Fungi","floor":30.0,"turns":5.0},{"damage":12.0,"enemies":"Book of Stabbing","floor":31.0,"turns":4.0},{"damage":12.0,"enemies":"Champ","floor":33.0,"turns":10.0},{"damage":0.0,"enemies":"3 Darklings","floor":35.0,"turns":6.0},{"damage":6.0,"enemies":"3 Shapes","floor":36.0,"turns":3.0},{"damage":0.0,"enemies":"Sphere and 2 Shapes","floor":37.0,"turns":5.0},{"damage":4.0,"enemies":"Transient","floor":38.0,"turns":5.0},{"damage":12.0,"enemies":"4 Shapes","floor":39.0,"turns":5.0},{"damage":8.0,"enemies":"Nemesis","floor":40.0,"turns":7.0},{"damage":4.0,"enemies":"Sphere and 2 Shapes","floor":41.0,"turns":5.0},{"damage":5.0,"enemies":"Giant Head","floor":42.0,"turns":5.0},{"damage":24.0,"enemies":"Nemesis","floor":44.0,"turns":5.0},{"damage":1.0,"enemies":"Spire Growth","floor":45.0,"turns":4.0},{"damage":10.0,"enemies":"Writhing Mass","floor":46.0,"turns":6.0},{"damage":0.0,"enemies":"Giant Head","floor":47.0,"turns":5.0},{"damage":14.0,"enemies":"Donu and Deca","floor":50.0,"turns":7.0},{"damage":5,"enemies":"Shield and Spear","floor":54,"turns":6},{"damage":0,"enemies":"The Heart","floor":55,"turns":9}],"seed_played":"2399213716953864221","potions_obtained":[{"floor":8.0,"key":"FearPotion"},{"floor":10.0,"key":"Ancient Potion"},{"floor":14.0,"key":"FairyPotion"},{"floor":18.0,"key":"Fire Potion"},{"floor":29.0,"key":"Swift Potion"},{"floor":36.0,"key":"Fire Potion"},{"floor":46.0,"key":"ElixirPotion"},{"floor":54,"key":"EssenceOfSteel"}],"is_trial":false,"path_per_floor":["M","M","?","$","$","R","E","M","T","E","M","M","R","E","R","B",null,"M","?","$","M","?","R","E","R","T","?","M","E","M","E","R","B",null,"M","M","M","M","M","E","M","E","T","E","M","M","E","$","R","B",null,"R","$","E","B",null],"character_chosen":"IRONCLAD","items_purchased":["Shockwave","Disarm","Feel No Pain","DistilledChaos","DistilledChaos","Feel No Pain"],"campfire_rested":2,"item_purchase_floors":[4,48,48,53,53,53],"current_hp_per_floor":[72,77,77,77,77,77,58,62,62,70,76,64,64,54,54,14,76,76,76,76,79,79,96,89,89,89,89,83,75,54,48,76,70,90,96,96,96,96,90,88,90,91,91,73,78,74,80,80,80,72,90,90,90,91,96],"gold":111,"neow_bonus":"TEN_PERCENT_HP_BONUS","is_prod":false,"is_daily":false,"chose_seed":false,"campfire_upgraded":3,"win_rate":0,"timestamp":1613326181,"path_taken":["M","M","?","?","$","R","E","M","T","E","M","M","R","E","R","BOSS","M","?","$","M","?","R","E","R","T","?","?","E","M","E","R","BOSS","M","M","?","M","M","E","M","E","T","E","M","M","E","$","R","BOSS","R","$","E","BOSS"],"build_version":"2020-12-22","purchased_purges":4,"victory":true,"max_hp_per_floor":[82,82,82,82,82,82,82,82,82,96,96,96,96,96,96,96,96,96,96,96,96,96,96,96,96,96,96,96,96,96,96,96,96,96,96,96,96,96,96,96,96,96,96,96,96,96,96,96,96,96,96,96,96,96,96],"card_choices":[{"not_picked":["True Grit","Iron Wave"],"picked":"Clothesline","floor":1.0},{"not_picked":["Bloodletting","Body Slam"],"picked":"Wild Strike","floor":2.0},{"not_picked":["Entrench","Second Wind"],"picked":"Cleave","floor":7.0},{"not_picked":["Hemokinesis","Clothesline","Flex"],"picked":"SKIP","floor":8.0},{"not_picked":["Fiend Fire","Sword Boomerang"],"picked":"Feel No Pain","floor":10.0},{"not_picked":["Cleave","Second Wind"],"picked":"Headbutt","floor":11.0},{"not_picked":["Rage","Thunderclap","Seeing Red"],"picked":"SKIP","floor":12.0},{"not_picked":["Entrench","Clothesline"],"picked":"Anger","floor":14.0},{"not_picked":["Exhume","Brutality"],"picked":"Demon Form","floor":16.0},{"not_picked":["Warcry+1","Whirlwind"],"picked":"Shrug It Off","floor":18.0},{"not_picked":["Warcry","Iron Wave"],"picked":"True Grit","floor":21.0},{"not_picked":["Perfected Strike+1","Twin Strike"],"picked":"Warcry+1","floor":24.0},{"not_picked":["Clash","Iron Wave"],"picked":"Dark Embrace","floor":28.0},{"not_picked":["Flex+1","Warcry","Seeing Red"],"picked":"SKIP","floor":29.0},{"not_picked":["Cleave+1","Rampage+1","Blood for Blood+1"],"picked":"SKIP","floor":30.0},{"not_picked":["Disarm","Iron Wave+1"],"picked":"Impervious","floor":31.0},{"not_picked":["Double Tap","Exhume"],"picked":"Corruption","floor":33.0},{"not_picked":["Spot Weakness","Iron Wave+1"],"picked":"Shrug It Off","floor":35.0},{"not_picked":["Whirlwind+1","Clothesline+1"],"picked":"Twin Strike+1","floor":36.0},{"not_picked":["Headbutt+1","Twin Strike+1"],"picked":"Sword Boomerang+1","floor":37.0},{"not_picked":["Berserk","Perfected Strike+1","Thunderclap+1"],"picked":"SKIP","floor":38.0},{"not_picked":["Spot Weakness","Body Slam+1"],"picked":"Second Wind","floor":39.0},{"not_picked":["Combust","Armaments"],"picked":"Warcry+1","floor":40.0},{"not_picked":["Clash+1","Searing Blow+1"],"picked":"Barricade","floor":41.0},{"not_picked":["Cleave+1","Pummel+1"],"picked":"Entrench","floor":42.0},{"not_picked":["Searing Blow+1","Twin Strike+1","Body Slam+1"],"picked":"SKIP","floor":44.0},{"not_picked":["Sentinel","Heavy Blade+1"],"picked":"Havoc+1","floor":45.0},{"not_picked":["Whirlwind+1","Ghostly Armor","Fire Breathing"],"picked":"SKIP","floor":46.0},{"not_picked":["Havoc+1","Dark Embrace","Bludgeon+1"],"picked":"SKIP","floor":47.0},{"not_picked":["Feel No Pain","Havoc","Sever Soul+1"],"picked":"SKIP","floor":54}],"player_experience":4756710,"relics_obtained":[{"floor":7.0,"key":"Incense Burner"},{"floor":9.0,"key":"Blue Candle"},{"floor":10.0,"key":"Mango"},{"floor":14.0,"key":"Matryoshka"},{"floor":24.0,"key":"Lizard Tail"},{"floor":26.0,"key":"Lantern"},{"floor":26.0,"key":"Dead Branch"},{"floor":29.0,"key":"Molten Egg 2"},{"floor":31.0,"key":"Bottled Flame"},{"floor":40.0,"key":"Unceasing Top"},{"floor":42.0,"key":"Calipers"},{"floor":43.0,"key":"Centennial Puzzle"},{"floor":44.0,"key":"Shovel"},{"floor":47.0,"key":"Omamori"},{"floor":49.0,"key":"InkBottle"},{"floor":52,"key":"Eternal Feather"},{"floor":54,"key":"Gambling Chip"}],"event_choices":[{"damage_healed":0.0,"max_hp_gain":0.0,"max_hp_loss":0.0,"gold_gain":0.0,"event_name":"Accursed Blacksmith","player_choice":"Rummage","floor":3.0,"gold_loss":0.0,"damage_taken":0.0,"relics_obtained":["WarpedTongs"],"cards_obtained":["Pain"]},{"damage_healed":0.0,"max_hp_gain":0.0,"max_hp_loss":0.0,"gold_gain":0.0,"event_name":"Vampires","player_choice":"Ignored","floor":19.0,"gold_loss":0.0,"damage_taken":0.0},{"damage_healed":0.0,"max_hp_gain":0.0,"max_hp_loss":0.0,"gold_gain":0.0,"event_name":"The Library","player_choice":"Read","floor":22.0,"gold_loss":0.0,"damage_taken":0.0,"cards_obtained":["Shrug It Off"]},{"damage_healed":0.0,"max_hp_gain":0.0,"max_hp_loss":0.0,"gold_gain":0.0,"event_name":"WeMeetAgain","player_choice":"Gave Potion","floor":27.0,"gold_loss":0.0,"damage_taken":0.0,"relics_obtained":["CeramicFish"]}],"is_beta":false,"boss_relics":[{"not_picked":["Empty Cage","SacredBark"],"picked":"Fusion Hammer"},{"not_picked":["Black Blood","Cursed Key"],"picked":"Philosopher\u0027s Stone"}],"items_purged_floors":[4,20,48,53],"is_endless":false,"potions_floor_spawned":[8,10,14,18,21,29,36,37,40,41,46,54],"ascension_level":15}