{"gold_per_floor":[213,226,226,239,204,229,229,264,264,295,295,295,295,57,57,129,129,139,54,67,67,18,53,53,72,72,100,100,118,129,163,163,249,249,262,6,23,42,62,90,90,115,115,115,150,173,173,210,210,210],"floor_reached":51,"playtime":1997,"items_purged":["Strike_R"],"score":1522,"play_id":"d2751805-5b9c-4f20-bfe2-4435e0213ca1","local_time":"20210403161335","is_ascension_mode":true,"campfire_choices":[{"floor":7.0,"key":"REST"},{"data":"Inflame","floor":11.0,"key":"SMITH"},{"data":"Heavy Blade","floor":15.0,"key":"SMITH"},{"floor":24.0,"key":"REST"},{"data":"Limit Break","floor":28.0,"key":"SMITH"},{"data":"Spot Weakness","floor":32.0,"key":"SMITH"},{"data":"Impervious","floor":41.0,"key":"SMITH"},{"data":"Disarm","floor":47.0,"key":"SMITH"},{"data":"Twin Strike","floor":49,"key":"SMITH"}],"neow_cost":"NONE","seed_source_timestamp":924323611262700,"circlet_count":0,"master_deck":["AscendersBane","Strike_R","Strike_R","Defend_R+1","Defend_R+1","Defend_R","Defend_R","Bash","Heavy Blade+1","Shockwave+1","Twin Strike+1","Inflame+1","Flame Barrier+1","Impervious+1","Limit Break+1","CurseOfTheBell","Spot Weakness+1","Disarm+1","Uppercut+1","Shrug It Off+1","Exhume+1","Flame Barrier+1","Pummel+1","True Grit+1"],"special_seed":0,"relics":["Burning Blood","Bag of Marbles","Ginger","Self Forming Clay","Bronze Scales","Calling Bell","Potion Belt","HornCleat","Pocketwatch","Pantograph","Art of War","CeramicFish","Gremlin Horn","Toxic Egg 2","Mark of Pain","Paper Frog","War Paint","Kunai","Molten Egg 2","Pen Nib","Du-Vu Doll"],"potions_floor_usage":[50,50],"damage_taken":[{"damage":5.0,"enemies":"2 Louse","floor":1.0,"turns":3.0},{"damage":13.0,"enemies":"Small Slimes","floor":2.0,"turns":6.0},{"damage":3.0,"enemies":"Cultist","floor":4.0,"turns":5.0},{"damage":37.0,"enemies":"Lagavulin","floor":6.0,"turns":10.0},{"damage":38.0,"enemies":"3 Sentries","floor":8.0,"turns":10.0},{"damage":16.0,"enemies":"Gremlin Nob","floor":10.0,"turns":4.0},{"damage":17.0,"enemies":"The Guardian","floor":16.0,"turns":10.0},{"damage":1.0,"enemies":"Chosen","floor":18.0,"turns":5.0},{"damage":11.0,"enemies":"Shell Parasite","floor":20.0,"turns":4.0},{"damage":30.0,"enemies":"Book of Stabbing","floor":23.0,"turns":6.0},{"damage":0.0,"enemies":"Chosen and Byrds","floor":25.0,"turns":4.0},{"damage":18.0,"enemies":"Slavers","floor":27.0,"turns":5.0},{"damage":0.0,"enemies":"Snecko","floor":29.0,"turns":3.0},{"damage":0.0,"enemies":"3 Cultists","floor":30.0,"turns":5.0},{"damage":10.0,"enemies":"Book of Stabbing","floor":31.0,"turns":4.0},{"damage":18.0,"enemies":"Automaton","floor":33.0,"turns":8.0},{"damage":20.0,"enemies":"3 Darklings","floor":35.0,"turns":4.0},{"damage":5.0,"enemies":"Orb Walker","floor":37.0,"turns":5.0},{"damage":0.0,"enemies":"4 Shapes","floor":38.0,"turns":4.0},{"damage":7.0,"enemies":"Spire Growth","floor":39.0,"turns":5.0},{"damage":18.0,"enemies":"Giant Head","floor":40.0,"turns":9.0},{"damage":4.0,"enemies":"Nemesis","floor":42.0,"turns":7.0},{"damage":11.0,"enemies":"Reptomancer","floor":45.0,"turns":5.0},{"damage":5.0,"enemies":"Jaw Worm Horde","floor":46.0,"turns":4.0},{"damage":0.0,"enemies":"Giant Head","floor":48.0,"turns":6.0},{"damage":3,"enemies":"Donu and Deca","floor":50,"turns":8}],"seed_played":"8529458643077227382","potions_obtained":[{"floor":1.0,"key":"PowerPotion"},{"floor":6.0,"key":"FairyPotion"},{"floor":8.0,"key":"Block Potion"},{"floor":23.0,"key":"Explosive Potion"},{"floor":25.0,"key":"Fire Potion"},{"floor":27.0,"key":"LiquidBronze"},{"floor":39.0,"key":"Dexterity Potion"},{"floor":40.0,"key":"GamblersBrew"},{"floor":42.0,"key":"BlessingOfTheForge"},{"floor":48.0,"key":"PowerPotion"}],"is_trial":false,"path_per_floor":["M","M","?","M","?","E","R","E","T","E","R","?","?","$","R","B",null,"M","?","M","?","$","E","R","M","T","E","R","M","M","E","R","B",null,"M","$","M","M","M","E","R","E","T","?","E","M","R","E","R","B",null],"character_chosen":"IRONCLAD","items_purchased":["Impervious","Fire Potion","Paper Frog"],"campfire_rested":2,"item_purchase_floors":[14,22,36],"current_hp_per_floor":[69,62,62,65,75,44,66,34,34,24,24,24,17,17,17,28,63,68,68,63,63,63,39,61,67,67,55,55,61,67,63,63,63,72,58,58,59,65,64,52,52,54,54,54,49,50,50,56,56,75],"gold":210,"neow_bonus":"HUNDRED_GOLD","is_prod":false,"is_daily":false,"chose_seed":false,"campfire_upgraded":7,"win_rate":0,"timestamp":1617491615,"path_taken":["M","M","?","M","?","E","R","E","T","E","R","?","?","$","R","BOSS","M","?","M","?","$","E","R","M","T","E","R","?","M","E","R","BOSS","M","$","M","M","M","E","R","E","T","?","E","?","R","E","R","BOSS"],"build_version":"2020-12-22","purchased_purges":1,"victory":true,"max_hp_per_floor":[75,75,75,75,75,75,75,75,75,75,75,75,75,75,75,75,75,75,75,75,75,75,75,75,75,75,75,75,75,75,75,75,75,75,75,75,75,75,75,75,75,75,75,75,75,75,75,75,75,75],"card_choices":[{"not_picked":["Sever Soul","Flex"],"picked":"Heavy Blade","floor":1.0},{"not_picked":["Perfected Strike","Warcry"],"picked":"Shockwave","floor":2.0},{"not_picked":["Havoc","Perfected Strike","Flex"],"picked":"SKIP","floor":4.0},{"not_picked":["Clash","Clothesline"],"picked":"Twin Strike","floor":6.0},{"not_picked":["Pommel Strike","Sword Boomerang"],"picked":"Inflame","floor":8.0},{"not_picked":["True Grit","Sword Boomerang"],"picked":"Flame Barrier","floor":10.0},{"not_picked":["Berserk","Juggernaut"],"picked":"Limit Break","floor":16.0},{"not_picked":["Searing Blow","Body Slam"],"picked":"Spot Weakness","floor":18.0},{"not_picked":["Bloodletting","Twin Strike"],"picked":"Disarm","floor":20.0},{"not_picked":["Wild Strike","Heavy Blade","Demon Form"],"picked":"SKIP","floor":23.0},{"not_picked":["Shockwave","True Grit"],"picked":"Uppercut+1","floor":25.0},{"not_picked":["Armaments","Clash","Heavy Blade"],"picked":"SKIP","floor":27.0},{"not_picked":["Perfected Strike","Blood for Blood","Clash"],"picked":"SKIP","floor":29.0},{"not_picked":["Cleave","Armaments","Dual Wield"],"picked":"SKIP","floor":30.0},{"not_picked":["Clothesline","Iron Wave"],"picked":"Shrug It Off+1","floor":31.0},{"not_picked":["Corruption","Brutality"],"picked":"Exhume+1","floor":33.0},{"not_picked":["Headbutt","Spot Weakness+1","Anger+1"],"picked":"SKIP","floor":35.0},{"not_picked":["Intimidate+1","Searing Blow+1","Reckless Charge"],"picked":"SKIP","floor":37.0},{"not_picked":["Pommel Strike","Disarm+1"],"picked":"Flame Barrier+1","floor":38.0},{"not_picked":["Anger","Havoc+1","Entrench+1"],"picked":"SKIP","floor":39.0},{"not_picked":["Evolve","Heavy Blade","Wild Strike+1"],"picked":"SKIP","floor":40.0},{"not_picked":["Spot Weakness+1","Evolve","Dropkick"],"picked":"SKIP","floor":42.0},{"not_picked":["Body Slam+1","Heavy Blade+1","Rampage+1"],"picked":"SKIP","floor":45.0},{"not_picked":["Anger+1","Evolve+1"],"picked":"Pummel+1","floor":46.0},{"not_picked":["Sword Boomerang+1","Wild Strike+1"],"picked":"True Grit+1","floor":48.0}],"player_experience":4786325,"relics_obtained":[{"floor":6.0,"key":"Bag of Marbles"},{"floor":8.0,"key":"Ginger"},{"floor":9.0,"key":"Self Forming Clay"},{"floor":10.0,"key":"Bronze Scales"},{"floor":17.0,"key":"Potion Belt"},{"floor":17.0,"key":"HornCleat"},{"floor":17.0,"key":"Pocketwatch"},{"floor":23.0,"key":"Art of War"},{"floor":26.0,"key":"CeramicFish"},{"floor":27.0,"key":"Gremlin Horn"},{"floor":31.0,"key":"Toxic Egg 2"},{"floor":40.0,"key":"War Paint"},{"floor":42.0,"key":"Kunai"},{"floor":43.0,"key":"Molten Egg 2"},{"floor":45.0,"key":"Pen Nib"},{"floor":48.0,"key":"Du-Vu Doll"}],"event_choices":[{"damage_healed":0.0,"max_hp_gain":0.0,"max_hp_loss":0.0,"gold_gain":0.0,"event_name":"Liars Game","player_choice":"Ignored","floor":3.0,"gold_loss":0.0,"damage_taken":0.0},{"damage_healed":18.0,"max_hp_gain":0.0,"max_hp_loss":0.0,"gold_gain":0.0,"event_name":"The Cleric","player_choice":"Healed","floor":5.0,"gold_loss":35.0,"damage_taken":0.0},{"damage_healed":0.0,"max_hp_gain":0.0,"max_hp_loss":0.0,"gold_gain":0.0,"event_name":"Living Wall","player_choice":"Grow","floor":12.0,"gold_loss":0.0,"damage_taken":0.0,"cards_upgraded":["Shockwave"]},{"cards_removed":["Strike_R"],"damage_healed":0.0,"max_hp_gain":0.0,"max_hp_loss":0.0,"gold_gain":0.0,"event_name":"Golden Wing","player_choice":"Card Removal","floor":13.0,"gold_loss":0.0,"damage_taken":7.0},{"damage_healed":0.0,"max_hp_gain":0.0,"max_hp_loss":0.0,"gold_gain":0.0,"event_name":"Addict","player_choice":"Obtained Relic","floor":19.0,"gold_loss":85.0,"damage_taken":0.0,"relics_obtained":["Pantograph"]},{"damage_healed":0.0,"max_hp_gain":0.0,"max_hp_loss":0.0,"gold_gain":0.0,"event_name":"Accursed Blacksmith","player_choice":"Forge","floor":21.0,"gold_loss":0.0,"damage_taken":0.0,"cards_upgraded":["Flame Barrier"]},{"cards_removed":["Strike_R"],"damage_healed":0.0,"max_hp_gain":0.0,"max_hp_loss":0.0,"gold_gain":0.0,"event_name":"Purifier","player_choice":"Purged","floor":44.0,"gold_loss":0.0,"damage_taken":0.0}],"is_beta":false,"boss_relics":[{"not_picked":["Pandora\u0027s Box","Runic Pyramid"],"picked":"Calling Bell"},{"not_picked":["Busted Crown","Coffee Dripper"],"picked":"Mark of Pain"}],"items_purged_floors":[14],"is_endless":false,"potions_floor_spawned":[1,6,8,23,25,27,39,40,42,48],"ascension_level":15}