{"gold_per_floor":[112,187,202,31,47,83,83,109,109,121,173,185,177,228,240,357,369,413,453,465,392,289,289,42,56,79,79],"floor_reached":27,"playtime":821,"items_purged":["Strike_R","Strike_R"],"score":401,"play_id":"43f8af1f-982c-44ee-a3bf-1e3092af982f","local_time":"20210514091251","is_ascension_mode":true,"campfire_choices":[{"data":"Armaments","floor":7,"key":"SMITH"},{"data":"Inflame","floor":10,"key":"SMITH"},{"data":"Bash","floor":15,"key":"SMITH"},{"floor":23,"key":"REST"}],"neow_cost":"NONE","seed_source_timestamp":3344646117800,"circlet_count":0,"master_deck":["AscendersBane","Strike_R","Strike_R","Strike_R","Defend_R","Defend_R","Defend_R","Defend_R","Bash+1","Whirlwind","Inflame+1","Headbutt","Armaments+1","Heavy Blade","Anger","Immolate","Pommel Strike","Armaments+1","Apotheosis"],"relics":["Burning Blood","Blood Vial","Membership Card","CeramicFish","MawBank","Kunai","Golden Idol","Mercury Hourglass","Velvet Choker","Nilry\u0027s Codex","Calipers","Red Skull","Paper Frog","Tiny Chest"],"potions_floor_usage":[6,11,14,18],"damage_taken":[{"damage":10,"enemies":"Small Slimes","floor":1,"turns":4},{"damage":0,"enemies":"2 Louse","floor":3,"turns":4},{"damage":6,"enemies":"Cultist","floor":5,"turns":3},{"damage":30,"enemies":"Lagavulin","floor":6,"turns":7},{"damage":3,"enemies":"Blue Slaver","floor":8,"turns":4},{"damage":21,"enemies":"Gremlin Nob","floor":11,"turns":4},{"damage":12,"enemies":"3 Sentries","floor":14,"turns":5},{"damage":22,"enemies":"Slime Boss","floor":16,"turns":8},{"damage":9,"enemies":"Shell Parasite","floor":18,"turns":4},{"damage":5,"enemies":"Spheric Guardian","floor":19,"turns":3},{"damage":24,"enemies":"Cultist and Chosen","floor":25,"turns":5},{"damage":45,"enemies":"Book of Stabbing","floor":27,"turns":4}],"seed_played":"-6277910337491674990","potions_obtained":[{"floor":1,"key":"SkillPotion"},{"floor":3,"key":"FearPotion"},{"floor":6,"key":"PowerPotion"},{"floor":11,"key":"SteroidPotion"},{"floor":25,"key":"Dexterity Potion"}],"is_trial":false,"path_per_floor":["M","?","M","$","M","E","R","M","T","R","E","?","?","E","R","B",null,"M","M","?","?","$","R","$","M","T","E"],"character_chosen":"IRONCLAD","items_purchased":["Membership Card","Inflame","Apotheosis","Red Skull","Paper Frog"],"campfire_rested":1,"item_purchase_floors":[4,4,22,24,24],"current_hp_per_floor":[66,55,63,63,65,43,43,48,48,48,35,35,35,31,31,17,55,54,57,36,36,36,56,56,40,40,0],"gold":79,"neow_bonus":"RANDOM_COMMON_RELIC","is_prod":false,"is_daily":false,"chose_seed":false,"campfire_upgraded":3,"win_rate":0,"timestamp":1621008771,"path_taken":["M","?","M","$","M","E","R","M","T","R","E","?","?","E","R","BOSS","M","M","?","?","?","R","$","?","T","E"],"build_version":"2020-12-22","purchased_purges":2,"victory":false,"max_hp_per_floor":[75,75,75,75,75,75,75,75,75,75,75,68,68,68,68,68,68,68,68,68,68,68,68,68,68,68,68],"card_choices":[{"not_picked":["Dark Embrace","Intimidate","Dual Wield"],"picked":"SKIP","floor":1},{"not_picked":["Hemokinesis","Bloodletting"],"picked":"Whirlwind","floor":3},{"not_picked":["Pummel","Armaments"],"picked":"Headbutt","floor":5},{"not_picked":["Ghostly Armor","True Grit"],"picked":"Armaments","floor":6},{"not_picked":["Whirlwind","Thunderclap"],"picked":"Heavy Blade","floor":8},{"not_picked":["Rage","Iron Wave"],"picked":"Anger","floor":11},{"not_picked":["Reckless Charge","Body Slam","Exhume"],"picked":"SKIP","floor":14},{"not_picked":["Exhume","Bludgeon"],"picked":"Immolate","floor":16},{"not_picked":["Heavy Blade","Bloodletting"],"picked":"Pommel Strike","floor":18},{"not_picked":["Anger","Sever Soul+1"],"picked":"Armaments+1","floor":19},{"not_picked":["Anger","Dropkick","Reckless Charge+1"],"picked":"SKIP","floor":25}],"player_experience":4803176,"relics_obtained":[{"floor":6,"key":"CeramicFish"},{"floor":9,"key":"MawBank"},{"floor":11,"key":"Kunai"},{"floor":14,"key":"Mercury Hourglass"},{"floor":20,"key":"Nilry\u0027s Codex"},{"floor":26,"key":"Tiny Chest"}],"event_choices":[{"damage_healed":0,"gold_gain":75,"player_choice":"Gather Gold","damage_taken":11,"max_hp_gain":0,"max_hp_loss":0,"event_name":"World of Goop","floor":2,"gold_loss":0},{"damage_healed":0,"gold_gain":0,"player_choice":"Lose Max HP","damage_taken":0,"relics_obtained":["Golden Idol"],"max_hp_gain":0,"max_hp_loss":7,"event_name":"Golden Idol","floor":12,"gold_loss":0},{"damage_healed":0,"gold_gain":0,"player_choice":"Bought 1 Potion","damage_taken":0,"max_hp_gain":0,"max_hp_loss":0,"event_name":"The Woman in Blue","floor":13,"gold_loss":0},{"damage_healed":0,"gold_gain":0,"player_choice":"Obtained Book","damage_taken":21,"max_hp_gain":0,"max_hp_loss":0,"event_name":"Cursed Tome","floor":20,"gold_loss":0},{"damage_healed":0,"gold_gain":0,"player_choice":"Obtained Relic","damage_taken":0,"relics_obtained":["Calipers"],"max_hp_gain":0,"max_hp_loss":0,"event_name":"Addict","floor":21,"gold_loss":85}],"is_beta":false,"boss_relics":[{"not_picked":["Runic Dome","Astrolabe"],"picked":"Velvet Choker"}],"items_purged_floors":[22,24],"is_endless":false,"potions_floor_spawned":[1,3,6,11,25],"killed_by":"Book of Stabbing","ascension_level":15}