{"gold_per_floor":[113,35,35,50,63,63,91,91,91,109,109,129,159,175,175,252,252,272,272,289,289,289,289,31,62,89,116,116,116,134,162,162,233,233,246,266,276,276,301,301,331,344,344,357,373,401,401,428,428,428],"floor_reached":51,"playtime":2112,"items_purged":[],"score":1424,"play_id":"e2c7c6ac-af17-45f6-adf6-c8312572123a","local_time":"20210607110348","is_ascension_mode":true,"campfire_choices":[{"data":"Rupture","floor":6.0,"key":"SMITH"},{"data":"Combust","floor":11.0,"key":"SMITH"},{"data":"Whirlwind","floor":15.0,"key":"SMITH"},{"data":"True Grit","floor":23.0,"key":"SMITH"},{"data":"Flame Barrier","floor":29.0,"key":"SMITH"},{"floor":32.0,"key":"REST"},{"data":"Blind","floor":40.0,"key":"SMITH"},{"data":"Sword Boomerang","floor":47.0,"key":"SMITH"},{"floor":49.0,"key":"REST"}],"neow_cost":"NONE","seed_source_timestamp":180243964933400,"circlet_count":0,"master_deck":["AscendersBane","Strike_R+1","Strike_R+1","Strike_R","Defend_R","Defend_R","Defend_R","Defend_R","Bash","Shrug It Off","Combust+1","Rupture+1","Whirlwind+1","Shockwave+1","Iron Wave","Shrug It Off","Double Tap","Flame Barrier+1","True Grit+1","Seeing Red","Anger","Headbutt+1","Impervious","Disarm+1","Good Instincts","Blind+1","Shrug It Off","Intimidate+1","Disarm+1","Clumsy","Sword Boomerang+1","Burning Pact","Metallicize"],"special_seed":0,"relics":["Burning Blood","NeowsBlessing","Letter Opener","Singing Bowl","Whetstone","Black Star","Enchiridion","Meat on the Bone","Ancient Tea Set","Juzu Bracelet","Smiling Mask","Happy Flower","Mummified Hand","Tiny Chest","Cursed Key","Dead Branch","Art of War","Akabeko","Orichalcum","Potion Belt","Bronze Scales","Question Card","Oddly Smooth Stone"],"potions_floor_usage":[50,50],"damage_taken":[{"damage":0.0,"enemies":"Cultist","floor":1.0,"turns":1.0},{"damage":0.0,"enemies":"2 Louse","floor":4.0,"turns":1.0},{"damage":0.0,"enemies":"Small Slimes","floor":5.0,"turns":1.0},{"damage":28.0,"enemies":"3 Sentries","floor":7.0,"turns":5.0},{"damage":0.0,"enemies":"3 Louse","floor":10.0,"turns":1.0},{"damage":6.0,"enemies":"Blue Slaver","floor":12.0,"turns":4.0},{"damage":11.0,"enemies":"Lagavulin","floor":13.0,"turns":8.0},{"damage":2.0,"enemies":"Looter","floor":14.0,"turns":4.0},{"damage":27.0,"enemies":"Hexaghost","floor":16.0,"turns":8.0},{"damage":8.0,"enemies":"Chosen","floor":18.0,"turns":5.0},{"damage":0.0,"enemies":"3 Byrds","floor":20.0,"turns":4.0},{"damage":35.0,"enemies":"Book of Stabbing","floor":25.0,"turns":6.0},{"damage":9.0,"enemies":"Snecko","floor":30.0,"turns":5.0},{"damage":3.0,"enemies":"Gremlin Leader","floor":31.0,"turns":5.0},{"damage":78.0,"enemies":"Automaton","floor":33.0,"turns":12.0},{"damage":5.0,"enemies":"3 Shapes","floor":35.0,"turns":7.0},{"damage":2.0,"enemies":"Orb Walker","floor":36.0,"turns":4.0},{"damage":18.0,"enemies":"Jaw Worm Horde","floor":37.0,"turns":4.0},{"damage":6.0,"enemies":"Mind Bloom Boss Battle","floor":39.0,"turns":9.0},{"damage":15.0,"enemies":"Giant Head","floor":41.0,"turns":6.0},{"damage":25.0,"enemies":"Spire Growth","floor":42.0,"turns":5.0},{"damage":9.0,"enemies":"4 Shapes","floor":44.0,"turns":1.0},{"damage":8.0,"enemies":"Maw","floor":45.0,"turns":3.0},{"damage":7.0,"enemies":"Nemesis","floor":46.0,"turns":5.0},{"damage":43.0,"enemies":"Reptomancer","floor":48.0,"turns":6.0},{"damage":38,"enemies":"Awakened One","floor":50,"turns":12}],"seed_played":"6324743836737399363","potions_obtained":[{"floor":5.0,"key":"SteroidPotion"},{"floor":7.0,"key":"PowerPotion"},{"floor":10.0,"key":"SteroidPotion"},{"floor":14.0,"key":"DistilledChaos"},{"floor":18.0,"key":"GamblersBrew"},{"floor":20.0,"key":"Energy Potion"},{"floor":36.0,"key":"DuplicationPotion"},{"floor":39.0,"key":"SmokeBomb"},{"floor":45.0,"key":"Ancient Potion"},{"floor":48.0,"key":"Fire Potion"}],"is_trial":false,"path_per_floor":["M","$","$","M","M","R","E","?","T","M","R","M","E","M","R","B",null,"M","?","M","?","?","R","$","E","T","T","?","R","M","E","R","B",null,"M","M","M","?","?","R","E","M","T","M","M","E","R","E","R","B",null],"character_chosen":"IRONCLAD","items_purchased":["Combust","Meat on the Bone"],"campfire_rested":2,"item_purchase_floors":[2,24],"current_hp_per_floor":[74,74,74,75,75,75,53,53,53,59,59,61,56,62,62,41,70,70,49,57,57,57,57,57,42,42,42,42,42,51,54,79,19,69,72,76,66,58,58,58,61,54,54,63,63,62,62,37,64,44],"gold":428,"neow_bonus":"THREE_ENEMY_KILL","is_prod":false,"is_daily":false,"chose_seed":false,"campfire_upgraded":7,"win_rate":0,"timestamp":1623089028,"path_taken":["M","?","$","M","?","R","E","?","T","M","R","M","E","M","R","BOSS","M","?","M","?","?","R","$","E","T","?","?","R","M","E","R","BOSS","M","M","M","?","?","R","E","M","T","M","M","E","R","E","R","BOSS"],"build_version":"2020-12-22","purchased_purges":0,"victory":true,"max_hp_per_floor":[75,75,75,75,75,75,75,75,75,75,75,77,77,79,79,79,79,81,81,83,83,83,83,83,85,85,85,85,85,85,85,85,85,85,87,87,89,91,91,91,91,91,91,91,93,93,93,93,93,93],"card_choices":[{"not_picked":["Perfected Strike","Flex"],"picked":"Shrug It Off","floor":1.0},{"not_picked":["Inflame","Whirlwind"],"picked":"Rupture","floor":4.0},{"not_picked":["Armaments","Headbutt"],"picked":"Whirlwind","floor":5.0},{"not_picked":["Heavy Blade","Searing Blow"],"picked":"Shockwave","floor":7.0},{"not_picked":["Barricade","Clash"],"picked":"Iron Wave","floor":10.0},{"not_picked":["Twin Strike","Thunderclap","Body Slam"],"picked":"Singing Bowl","floor":12.0},{"not_picked":["Clothesline","Combust"],"picked":"Shrug It Off","floor":13.0},{"not_picked":["Iron Wave","Cleave","Fire Breathing"],"picked":"Singing Bowl","floor":14.0},{"not_picked":["Demon Form","Barricade"],"picked":"Double Tap","floor":16.0},{"not_picked":["Armaments","Clothesline","Heavy Blade"],"picked":"Singing Bowl","floor":18.0},{"not_picked":["Pommel Strike","Carnage","Whirlwind"],"picked":"Singing Bowl","floor":20.0},{"not_picked":["Flex+1","Iron Wave","Armaments"],"picked":"Singing Bowl","floor":25.0},{"not_picked":["Power Through","Intimidate"],"picked":"Anger","floor":30.0},{"not_picked":["Shrug It Off","Clothesline"],"picked":"Headbutt+1","floor":31.0},{"not_picked":["Demon Form","Double Tap"],"picked":"Impervious","floor":33.0},{"not_picked":["Clash","Perfected Strike","Pommel Strike"],"picked":"Singing Bowl","floor":35.0},{"not_picked":["Rage","Rampage"],"picked":"Disarm+1","floor":36.0},{"not_picked":["Armaments","Flex","Thunderclap"],"picked":"Singing Bowl","floor":37.0},{"not_picked":["Chrysalis","Forethought","Metamorphosis"],"picked":"Singing Bowl","floor":38.0},{"not_picked":["The Bomb","Sadistic Nature"],"picked":"Good Instincts","floor":38.0},{"not_picked":["Bandage Up","Trip"],"picked":"Blind","floor":38.0},{"not_picked":["Fire Breathing","Whirlwind"],"picked":"Shrug It Off","floor":39.0},{"not_picked":["Twin Strike","Havoc"],"picked":"Intimidate+1","floor":41.0},{"not_picked":["Iron Wave","Sword Boomerang+1"],"picked":"Disarm+1","floor":42.0},{"not_picked":["Bloodletting","Armaments"],"picked":"Sword Boomerang","floor":44.0},{"not_picked":["Thunderclap","Rampage+1","Twin Strike"],"picked":"Singing Bowl","floor":45.0},{"not_picked":["Armaments","Sword Boomerang"],"picked":"Burning Pact","floor":46.0},{"not_picked":["Dropkick","Headbutt"],"picked":"Metallicize","floor":48.0}],"player_experience":4861077,"relics_obtained":[{"floor":7.0,"key":"Letter Opener"},{"floor":9.0,"key":"Singing Bowl"},{"floor":13.0,"key":"Whetstone"},{"floor":19.0,"key":"Enchiridion"},{"floor":25.0,"key":"Ancient Tea Set"},{"floor":25.0,"key":"Juzu Bracelet"},{"floor":26.0,"key":"Smiling Mask"},{"floor":27.0,"key":"Happy Flower"},{"floor":31.0,"key":"Mummified Hand"},{"floor":31.0,"key":"Tiny Chest"},{"floor":39.0,"key":"Dead Branch"},{"floor":41.0,"key":"Art of War"},{"floor":41.0,"key":"Akabeko"},{"floor":43.0,"key":"Orichalcum"},{"floor":46.0,"key":"Potion Belt"},{"floor":46.0,"key":"Bronze Scales"},{"floor":48.0,"key":"Question Card"},{"floor":48.0,"key":"Oddly Smooth Stone"}],"event_choices":[{"damage_healed":0.0,"max_hp_gain":0.0,"max_hp_loss":0.0,"gold_gain":0.0,"event_name":"Living Wall","player_choice":"Grow","floor":8.0,"gold_loss":0.0,"damage_taken":0.0,"cards_upgraded":["Shockwave"]},{"damage_healed":0.0,"max_hp_gain":0.0,"max_hp_loss":0.0,"gold_gain":0.0,"event_name":"Cursed Tome","player_choice":"Obtained Book","floor":19.0,"gold_loss":0.0,"damage_taken":21.0},{"damage_healed":0.0,"max_hp_gain":0.0,"max_hp_loss":0.0,"gold_gain":0.0,"event_name":"The Library","player_choice":"Read","floor":21.0,"gold_loss":0.0,"damage_taken":0.0,"cards_obtained":["Flame Barrier"]},{"damage_healed":0.0,"max_hp_gain":0.0,"max_hp_loss":0.0,"gold_gain":0.0,"cards_transformed":["Strike_R","Strike_R"],"event_name":"Drug Dealer","player_choice":"Became Test Subject","floor":22.0,"gold_loss":0.0,"damage_taken":0.0,"cards_obtained":["True Grit","Seeing Red"]},{"damage_healed":0.0,"max_hp_gain":0.0,"max_hp_loss":0.0,"gold_gain":0.0,"event_name":"Ghosts","player_choice":"Ignored","floor":28.0,"gold_loss":0.0,"damage_taken":0.0},{"damage_healed":0.0,"max_hp_gain":0.0,"max_hp_loss":0.0,"gold_gain":0.0,"event_name":"SensoryStone","player_choice":"Memory 3","floor":38.0,"gold_loss":0.0,"damage_taken":10.0},{"damage_healed":0.0,"max_hp_gain":0.0,"max_hp_loss":0.0,"gold_gain":0.0,"event_name":"MindBloom","player_choice":"Fight","floor":39.0,"gold_loss":0.0,"damage_taken":0.0}],"is_beta":false,"boss_relics":[{"not_picked":["Tiny House","Pandora\u0027s Box"],"picked":"Black Star"},{"not_picked":["Empty Cage","Coffee Dripper"],"picked":"Cursed Key"}],"items_purged_floors":[],"is_endless":false,"potions_floor_spawned":[5,7,10,14,18,20,36,39,45,48],"ascension_level":15}