{"gold_per_floor":[115,134,209,229,229,258,277,277,277,8,28,53,18,46,46,118,118,136,36,36,49,68,99,99,99,126,1,27,38,54,74,74,149,149,162,21,0,15,15,48,48,75,75,110,435,435,454,78,78,78],"floor_reached":51,"playtime":2110,"items_purged":["Strike_R","Strike_R","Strike_R","Strike_R"],"score":1419,"play_id":"1553d7ef-5bdc-45c7-9df0-e7ac0a494778","local_time":"20210606201001","is_ascension_mode":true,"campfire_choices":[{"floor":8.0,"key":"REST"},{"data":"Inflame","floor":15.0,"key":"SMITH"},{"floor":25,"key":"REST"},{"data":"1","floor":32,"key":"LIFT"},{"data":"2","floor":41,"key":"LIFT"},{"data":"3","floor":49,"key":"LIFT"}],"neow_cost":"NONE","seed_source_timestamp":126808652198200,"circlet_count":0,"master_deck":["AscendersBane","Defend_R","Defend_R","Defend_R","Defend_R","Bash+1","Twin Strike","Inflame+1","Cleave","Combust","Heavy Blade","Corruption","True Grit","Sentinel","Havoc","Seeing Red+1","Fire Breathing+1","Double Tap","Exhume","Sword Boomerang+1","Disarm","Impervious","Second Wind+1","Armaments","Blind","True Grit","Pummel"],"special_seed":0,"relics":["Burning Blood","Lizard Tail","Dead Branch","Bag of Marbles","TungstenRod","Blood Vial","Black Star","Happy Flower","Bag of Preparation","Pen Nib","Girya","Centennial Puzzle","Sozu","Red Mask","Juzu Bracelet","StoneCalendar","Art of War","Ancient Tea Set","MealTicket","Boot","Dream Catcher","Old Coin","Letter Opener"],"potions_floor_usage":[28],"damage_taken":[{"damage":6.0,"enemies":"Cultist","floor":1.0,"turns":4.0},{"damage":11.0,"enemies":"Small Slimes","floor":2.0,"turns":4.0},{"damage":0.0,"enemies":"2 Louse","floor":4.0,"turns":4.0},{"damage":40.0,"enemies":"3 Sentries","floor":6.0,"turns":9.0},{"damage":20.0,"enemies":"Large Slime","floor":7.0,"turns":5.0},{"damage":9.0,"enemies":"Red Slaver","floor":11.0,"turns":4.0},{"damage":7.0,"enemies":"Gremlin Nob","floor":12.0,"turns":3.0},{"damage":17.0,"enemies":"3 Sentries","floor":14.0,"turns":4.0},{"damage":41.0,"enemies":"The Guardian","floor":16.0,"turns":10.0},{"damage":35.0,"enemies":"3 Byrds","floor":18.0,"turns":6.0},{"damage":5.0,"enemies":"Shell Parasite","floor":21.0,"turns":1.0},{"damage":2.0,"enemies":"Snecko","floor":22.0,"turns":3.0},{"damage":29.0,"enemies":"Slavers","floor":23.0,"turns":5.0},{"damage":28,"enemies":"Book of Stabbing","floor":28,"turns":6},{"damage":5,"enemies":"Cultist and Chosen","floor":29,"turns":5},{"damage":6,"enemies":"Shelled Parasite and Fungi","floor":30,"turns":3},{"damage":0,"enemies":"Snecko","floor":31,"turns":3},{"damage":14,"enemies":"Champ","floor":33,"turns":7},{"damage":6,"enemies":"3 Darklings","floor":35,"turns":3},{"damage":0,"enemies":"Orb Walker","floor":38,"turns":1},{"damage":6,"enemies":"Reptomancer","floor":40,"turns":4},{"damage":0,"enemies":"Nemesis","floor":42,"turns":3},{"damage":33,"enemies":"Reptomancer","floor":44,"turns":4},{"damage":0,"enemies":"Mind Bloom Boss Battle","floor":45,"turns":5},{"damage":0,"enemies":"Sphere and 2 Shapes","floor":47,"turns":3},{"damage":30,"enemies":"Awakened One","floor":50,"turns":7}],"seed_played":"-5755431249701575934","potions_obtained":[{"floor":4.0,"key":"Swift Potion"},{"floor":12.0,"key":"DuplicationPotion"},{"floor":14.0,"key":"Swift Potion"},{"floor":21.0,"key":"Fire Potion"},{"floor":22.0,"key":"ElixirPotion"},{"floor":23,"key":"Weak Potion"}],"is_trial":false,"path_per_floor":["M","M","?","M","?","E","M","R","T","$","M","E","?","E","R","B",null,"M","$","?","M","M","E","?","R","T","$","E","M","M","M","R","B",null,"M","$","?","M","?","E","R","E","T","E","?","T","M","$","R","B",null],"character_chosen":"IRONCLAD","items_purchased":["Bag of Marbles","Block Potion","Exhume","Armaments","Blind","True Grit","Pummel"],"campfire_rested":2,"item_purchase_floors":[10,10,36,48,48,48,48],"current_hp_per_floor":[68,63,52,58,63,29,15,39,39,39,36,35,55,44,44,11,63,36,36,36,39,45,24,24,48,48,48,28,31,33,41,41,35,69,71,71,71,79,79,80,80,80,80,53,61,61,69,80,80,56],"gold":78,"neow_bonus":"UPGRADE_CARD","is_prod":false,"is_daily":false,"chose_seed":false,"campfire_upgraded":1,"win_rate":0,"timestamp":1623035401,"path_taken":["M","M","?","M","?","E","M","R","T","$","M","E","?","E","R","BOSS","M","$","?","M","M","E","?","R","T","$","E","M","?","M","R","BOSS","M","$","?","M","?","E","R","E","T","E","?","?","M","$","R","BOSS"],"build_version":"2020-12-22","purchased_purges":4,"victory":true,"max_hp_per_floor":[75,75,75,75,80,80,80,80,80,80,80,80,80,80,80,80,80,80,80,80,80,80,80,80,80,80,80,80,80,80,80,80,80,80,80,80,80,80,80,80,80,80,80,80,80,80,80,80,80,80],"card_choices":[{"not_picked":["Rupture","Fire Breathing"],"picked":"Twin Strike","floor":1.0},{"not_picked":["Metallicize","Perfected Strike"],"picked":"Inflame","floor":2.0},{"not_picked":["Ghostly Armor","Power Through"],"picked":"Cleave","floor":4.0},{"not_picked":["Flex","Thunderclap"],"picked":"Combust","floor":6.0},{"not_picked":["Clash","Hemokinesis","Warcry"],"picked":"SKIP","floor":7.0},{"not_picked":["Exhume","Sentinel"],"picked":"Heavy Blade","floor":11.0},{"not_picked":["Headbutt","Pommel Strike","Thunderclap"],"picked":"SKIP","floor":12.0},{"not_picked":["Rage","Hemokinesis","Heavy Blade"],"picked":"SKIP","floor":14.0},{"not_picked":["Feed","Brutality"],"picked":"Corruption","floor":16.0},{"not_picked":["Twin Strike","Clash"],"picked":"True Grit","floor":18.0},{"not_picked":["Blood for Blood","Pommel Strike","Wild Strike"],"picked":"SKIP","floor":21.0},{"not_picked":["Wild Strike","Thunderclap","Twin Strike+1"],"picked":"SKIP","floor":22.0},{"not_picked":["Armaments","Searing Blow+1"],"picked":"Sentinel","floor":23},{"not_picked":["Fire Breathing","Infernal Blade","Dropkick"],"picked":"SKIP","floor":28},{"not_picked":["Intimidate","Flex"],"picked":"Havoc","floor":29},{"not_picked":["Exhume","Pommel Strike"],"picked":"Seeing Red+1","floor":30},{"not_picked":["Sever Soul","Infernal Blade"],"picked":"Fire Breathing+1","floor":31},{"not_picked":["Corruption","Bludgeon"],"picked":"Double Tap","floor":33},{"not_picked":["Heavy Blade","Headbutt","Perfected Strike"],"picked":"SKIP","floor":35},{"not_picked":["Pommel Strike","Juggernaut"],"picked":"Sword Boomerang+1","floor":38},{"not_picked":["Iron Wave+1","Reckless Charge","Thunderclap+1"],"picked":"SKIP","floor":40},{"not_picked":["Clash","Thunderclap","Body Slam"],"picked":"SKIP","floor":42},{"not_picked":["Uppercut+1","Flame Barrier"],"picked":"Disarm","floor":44},{"not_picked":["Pummel","Cleave"],"picked":"Impervious","floor":45},{"not_picked":["Iron Wave","Clash"],"picked":"Second Wind+1","floor":47}],"player_experience":4858967,"relics_obtained":[{"floor":6.0,"key":"Lizard Tail"},{"floor":9.0,"key":"Dead Branch"},{"floor":12.0,"key":"TungstenRod"},{"floor":14.0,"key":"Blood Vial"},{"floor":23,"key":"Happy Flower"},{"floor":23,"key":"Bag of Preparation"},{"floor":26,"key":"Pen Nib"},{"floor":28,"key":"Girya"},{"floor":28,"key":"Centennial Puzzle"},{"floor":40,"key":"Juzu Bracelet"},{"floor":40,"key":"StoneCalendar"},{"floor":42,"key":"Art of War"},{"floor":42,"key":"Ancient Tea Set"},{"floor":43,"key":"MealTicket"},{"floor":44,"key":"Boot"},{"floor":44,"key":"Dream Catcher"},{"floor":45,"key":"Old Coin"},{"floor":46,"key":"Letter Opener"}],"event_choices":[{"damage_healed":0.0,"max_hp_gain":0.0,"max_hp_loss":0.0,"gold_gain":75.0,"event_name":"World of Goop","player_choice":"Gather Gold","floor":3.0,"gold_loss":0.0,"damage_taken":11.0},{"damage_healed":0.0,"max_hp_gain":5.0,"max_hp_loss":0.0,"gold_gain":0.0,"event_name":"Big Fish","player_choice":"Donut","floor":5.0,"gold_loss":0.0,"damage_taken":0.0},{"damage_healed":20.0,"max_hp_gain":0.0,"max_hp_loss":0.0,"gold_gain":0.0,"event_name":"The Cleric","player_choice":"Healed","floor":13.0,"gold_loss":35.0,"damage_taken":0.0},{"cards_removed":["Strike_R"],"damage_healed":0,"gold_gain":0,"player_choice":"Card Removal","damage_taken":0,"max_hp_gain":0,"max_hp_loss":0,"event_name":"Wheel of Change","floor":24,"gold_loss":0},{"damage_healed":0,"gold_gain":0,"player_choice":"Paid","damage_taken":0,"relics_obtained":["Red Mask"],"max_hp_gain":0,"max_hp_loss":0,"event_name":"Tomb of Lord Red Mask","floor":37,"gold_loss":21},{"damage_healed":0,"gold_gain":0,"player_choice":"0 cards matched","damage_taken":0,"max_hp_gain":0,"max_hp_loss":0,"event_name":"Match and Keep!","floor":39,"gold_loss":0,"cards_obtained":[]},{"damage_healed":0,"gold_gain":0,"player_choice":"Fight","damage_taken":0,"max_hp_gain":0,"max_hp_loss":0,"event_name":"MindBloom","floor":45,"gold_loss":0}],"is_beta":false,"boss_relics":[{"not_picked":["SacredBark","Velvet Choker"],"picked":"Black Star"},{"not_picked":["Black Blood","Busted Crown"],"picked":"Sozu"}],"items_purged_floors":[10,19,27,48],"is_endless":false,"potions_floor_spawned":[4,11,12,14,21,22,23,40,42,45],"ascension_level":15}