{"gold_per_floor":[216,230,230,230,243,283,283,327,327,345,385,458,497,197,197,288,288,313,213,236,30,30,66,89,110,157,200,224,224,262,286,286,379,379,404,428,446,59,74,74,108,108,133,177,177,210,235,36,36,36],"floor_reached":51,"playtime":1917,"items_purged":["Strike_R","Strike_R","Strike_R","Strike_R"],"score":1519,"play_id":"f414ee37-52cc-4fe6-af72-bd468a6d8fd3","local_time":"20210619163558","is_ascension_mode":true,"campfire_choices":[{"data":"Bash","floor":7,"key":"SMITH"},{"data":"Armaments","floor":15,"key":"SMITH"},{"floor":29,"key":"REST"},{"data":"Spot Weakness","floor":32,"key":"SMITH"},{"data":"Uppercut","floor":40,"key":"SMITH"},{"data":"Heavy Blade","floor":42,"key":"SMITH"},{"data":"Power Through","floor":45,"key":"SMITH"},{"data":"Pummel","floor":49,"key":"SMITH"}],"neow_cost":"NONE","seed_source_timestamp":31382681227400,"circlet_count":0,"master_deck":["AscendersBane","Strike_R","Defend_R","Defend_R","Defend_R","Defend_R","Bash+1","Pommel Strike","Iron Wave","Cleave","Spot Weakness+1","Whirlwind+1","Uppercut+1","Metallicize+1","Armaments+1","Power Through+1","Inflame+1","Exhume","Sword Boomerang+1","Flame Barrier","Heavy Blade+1","Twin Strike","Reaper","Combust+1","Shrug It Off","Metallicize+1","Demon Form+1","Flame Barrier","Flame Barrier+1","Second Wind+1","Pummel+1","Sentinel+1"],"relics":["Burning Blood","Golden Idol","Frozen Egg 2","Pocketwatch","Mercury Hourglass","StrikeDummy","Boot","Pantograph","Art of War","Velvet Choker","Whetstone","Regal Pillow","Gremlin Horn","Bag of Marbles","Sozu","Chemical X","Darkstone Periapt","Oddly Smooth Stone","Toxic Egg 2","HornCleat"],"potions_floor_usage":[6,12,20,27,46,50],"damage_taken":[{"damage":8,"enemies":"Jaw Worm","floor":1,"turns":5},{"damage":4,"enemies":"Small Slimes","floor":2,"turns":4},{"damage":1,"enemies":"Cultist","floor":5,"turns":3},{"damage":11,"enemies":"Gremlin Nob","floor":6,"turns":3},{"damage":20,"enemies":"3 Sentries","floor":8,"turns":8},{"damage":12,"enemies":"Lots of Slimes","floor":10,"turns":2},{"damage":7,"enemies":"Gremlin Nob","floor":11,"turns":3},{"damage":7,"enemies":"3 Sentries","floor":12,"turns":4},{"damage":12,"enemies":"3 Sentries","floor":13,"turns":4},{"damage":29,"enemies":"Hexaghost","floor":16,"turns":7},{"damage":0,"enemies":"Shell Parasite","floor":18,"turns":4},{"damage":19,"enemies":"2 Thieves","floor":20,"turns":3},{"damage":24,"enemies":"Book of Stabbing","floor":23,"turns":4},{"damage":6,"enemies":"Snecko","floor":24,"turns":5},{"damage":5,"enemies":"Shelled Parasite and Fungi","floor":25,"turns":4},{"damage":25,"enemies":"Slavers","floor":27,"turns":4},{"damage":15,"enemies":"Snake Plant","floor":28,"turns":3},{"damage":0,"enemies":"Gremlin Leader","floor":30,"turns":4},{"damage":0,"enemies":"Sentry and Sphere","floor":31,"turns":2},{"damage":25,"enemies":"Champ","floor":33,"turns":10},{"damage":2,"enemies":"3 Shapes","floor":35,"turns":2},{"damage":0,"enemies":"Orb Walker","floor":36,"turns":2},{"damage":3,"enemies":"Transient","floor":37,"turns":5},{"damage":41,"enemies":"Sphere and 2 Shapes","floor":39,"turns":6},{"damage":18,"enemies":"Nemesis","floor":41,"turns":7},{"damage":13,"enemies":"Reptomancer","floor":44,"turns":5},{"damage":6,"enemies":"Nemesis","floor":46,"turns":5},{"damage":4,"enemies":"Maw","floor":47,"turns":6},{"damage":24,"enemies":"Donu and Deca","floor":50,"turns":8}],"seed_played":"5181478597286468110","potions_obtained":[{"floor":1,"key":"LiquidMemories"},{"floor":2,"key":"Regen Potion"},{"floor":10,"key":"HeartOfIron"},{"floor":12,"key":"ColorlessPotion"},{"floor":18,"key":"BloodPotion"},{"floor":25,"key":"Block Potion"},{"floor":28,"key":"BlessingOfTheForge"},{"floor":31,"key":"DuplicationPotion"}],"is_trial":false,"path_per_floor":["M","M","?","?","M","E","R","E","T","M","E","?","E","$","R","B",null,"M","$","M","$","?","E","M","M","T","E","M","R","E","M","R","B",null,"M","M","M","$","M","R","E","R","T","E","R","E","M","$","R","B",null],"character_chosen":"IRONCLAD","items_purchased":["Inflame+1","Art of War","Flame Barrier","Chemical X","Metallicize+1","Second Wind+1","Pummel","Sentinel+1"],"campfire_rested":1,"item_purchase_floors":[14,14,21,38,38,48,48,48],"current_hp_per_floor":[66,68,68,68,68,63,63,49,49,43,42,53,47,47,47,45,62,68,68,68,68,68,50,50,51,51,32,23,58,64,68,68,49,63,68,68,68,68,52,52,64,64,64,68,68,68,68,68,68,68],"gold":36,"neow_bonus":"HUNDRED_GOLD","is_prod":false,"is_daily":false,"chose_seed":false,"campfire_upgraded":7,"win_rate":0,"timestamp":1624145758,"path_taken":["M","M","?","?","M","E","R","E","T","M","E","?","E","?","R","BOSS","M","$","M","$","?","E","M","M","T","E","M","R","E","M","R","BOSS","M","M","?","$","M","R","E","R","T","E","R","E","M","?","R","BOSS"],"build_version":"2020-12-22","purchased_purges":4,"victory":true,"max_hp_per_floor":[75,75,75,68,68,68,68,68,68,68,68,68,68,68,68,68,68,68,68,68,68,68,68,68,68,68,68,68,68,68,68,68,68,68,68,68,68,68,68,68,68,68,68,68,68,68,68,68,68,68],"card_choices":[{"not_picked":["Dropkick","Evolve"],"picked":"Pommel Strike","floor":1},{"not_picked":["Heavy Blade","Anger"],"picked":"Iron Wave","floor":2},{"not_picked":["Body Slam","Clothesline"],"picked":"Cleave","floor":5},{"not_picked":["Pommel Strike","Reckless Charge"],"picked":"Spot Weakness","floor":6},{"not_picked":["Seeing Red","Barricade+1"],"picked":"Whirlwind","floor":8},{"not_picked":["Ghostly Armor","Armaments"],"picked":"Uppercut","floor":10},{"not_picked":["Iron Wave","Whirlwind"],"picked":"Metallicize+1","floor":11},{"not_picked":["Havoc","Searing Blow"],"picked":"Armaments","floor":12},{"not_picked":["Perfected Strike","Blood for Blood"],"picked":"Power Through","floor":13},{"not_picked":["Brutality+1","Immolate"],"picked":"Exhume","floor":16},{"not_picked":["Clothesline","Clash","Sentinel"],"picked":"SKIP","floor":18},{"not_picked":["Perfected Strike","Body Slam"],"picked":"Sword Boomerang","floor":20},{"not_picked":["Uppercut+1","Rage+1","Flex"],"picked":"SKIP","floor":23},{"not_picked":["Body Slam","Shrug It Off"],"picked":"Heavy Blade","floor":24},{"not_picked":["Sword Boomerang+1","Ghostly Armor","Anger"],"picked":"SKIP","floor":25},{"not_picked":["Juggernaut+1","Dual Wield","Wild Strike"],"picked":"SKIP","floor":27},{"not_picked":["Pommel Strike","Burning Pact","Intimidate"],"picked":"SKIP","floor":28},{"not_picked":["Wild Strike","Havoc","Clothesline"],"picked":"SKIP","floor":30},{"not_picked":["Body Slam","Iron Wave"],"picked":"Twin Strike","floor":31},{"not_picked":["Feed","Immolate"],"picked":"Reaper","floor":33},{"not_picked":["Cleave+1","Havoc","Iron Wave"],"picked":"SKIP","floor":35},{"not_picked":["Pommel Strike","Twin Strike"],"picked":"Combust+1","floor":36},{"not_picked":["Armaments","Cleave+1"],"picked":"Shrug It Off","floor":37},{"not_picked":["Ghostly Armor","Perfected Strike"],"picked":"Demon Form+1","floor":39},{"not_picked":["Wild Strike","Clothesline+1"],"picked":"Flame Barrier","floor":41},{"not_picked":["Wild Strike","Headbutt"],"picked":"Flame Barrier+1","floor":44},{"not_picked":["Power Through+1","Combust+1","Iron Wave"],"picked":"SKIP","floor":46},{"not_picked":["Warcry+1","Pommel Strike+1","Sever Soul"],"picked":"SKIP","floor":47}],"player_experience":4889479,"relics_obtained":[{"floor":6,"key":"Frozen Egg 2"},{"floor":8,"key":"Pocketwatch"},{"floor":9,"key":"Mercury Hourglass"},{"floor":11,"key":"StrikeDummy"},{"floor":13,"key":"Pantograph"},{"floor":23,"key":"Whetstone"},{"floor":26,"key":"Regal Pillow"},{"floor":27,"key":"Gremlin Horn"},{"floor":30,"key":"Bag of Marbles"},{"floor":41,"key":"Darkstone Periapt"},{"floor":43,"key":"Oddly Smooth Stone"},{"floor":44,"key":"Toxic Egg 2"},{"floor":46,"key":"HornCleat"}],"event_choices":[{"damage_healed":0,"gold_gain":0,"player_choice":"Ignored","damage_taken":0,"max_hp_gain":0,"max_hp_loss":0,"event_name":"Liars Game","floor":3,"gold_loss":0},{"damage_healed":0,"gold_gain":0,"player_choice":"Lose Max HP","damage_taken":0,"relics_obtained":["Golden Idol"],"max_hp_gain":0,"max_hp_loss":7,"event_name":"Golden Idol","floor":4,"gold_loss":0},{"damage_healed":0,"gold_gain":0,"player_choice":"Searched \u00272\u0027 times","damage_taken":0,"relics_obtained":["Boot"],"max_hp_gain":0,"max_hp_loss":0,"event_name":"Dead Adventurer","floor":12,"gold_loss":0},{"damage_healed":0,"gold_gain":0,"player_choice":"Ignored","damage_taken":0,"max_hp_gain":0,"max_hp_loss":0,"event_name":"WeMeetAgain","floor":22,"gold_loss":0}],"is_beta":false,"boss_relics":[{"not_picked":["Calling Bell","Black Blood"],"picked":"Velvet Choker"},{"not_picked":["Runic Dome","SlaversCollar"],"picked":"Sozu"}],"items_purged_floors":[14,19,21,38],"is_endless":false,"potions_floor_spawned":[1,2,10,12,13,16,18,25,28,31,35,37,39,41,46],"ascension_level":15}