{"gold_per_floor":[119,139,139,71,81,93,93,128,183,26,26,56,56,67,67,67],"floor_reached":16,"playtime":496,"items_purged":[],"score":193,"play_id":"5bf538f0-5dbc-4d57-8f8d-3aa70e0a905f","local_time":"20210630081506","is_ascension_mode":true,"campfire_choices":[{"data":"Uppercut","floor":7.0,"key":"SMITH"},{"data":"Armaments","floor":13.0,"key":"SMITH"},{"data":"Shockwave","floor":15.0,"key":"SMITH"}],"neow_cost":"PERCENT_DAMAGE","seed_source_timestamp":151148064551800,"circlet_count":0,"master_deck":["AscendersBane","Strike_R","Strike_R","Strike_R","Strike_R","Defend_R","Defend_R","Defend_R","Defend_R","Bash","Pommel Strike","Anger","Uppercut+1","Disarm","Armaments+1","True Grit","Shockwave+1","Feed","Iron Wave"],"special_seed":0,"relics":["Burning Blood","Ornamental Fan","Lantern","Sling","Juzu Bracelet"],"potions_floor_usage":[16],"damage_taken":[{"damage":6.0,"enemies":"Cultist","floor":1.0,"turns":3.0},{"damage":9.0,"enemies":"Jaw Worm","floor":2.0,"turns":3.0},{"damage":0.0,"enemies":"2 Louse","floor":5.0,"turns":2.0},{"damage":23.0,"enemies":"Large Slime","floor":6.0,"turns":7.0},{"damage":21.0,"enemies":"Lagavulin","floor":8.0,"turns":7.0},{"damage":14.0,"enemies":"3 Sentries","floor":12.0,"turns":7.0},{"damage":2.0,"enemies":"Red Slaver","floor":14.0,"turns":3.0},{"damage":31,"enemies":"Slime Boss","floor":16,"turns":8}],"seed_played":"5312334051374049050","potions_obtained":[{"floor":1.0,"key":"GamblersBrew"},{"floor":6.0,"key":"Strength Potion"},{"floor":8.0,"key":"Energy Potion"}],"is_trial":false,"path_per_floor":["M","M","?","$","M","M","R","E","T","$","?","E","R","M","R","B"],"character_chosen":"IRONCLAD","items_purchased":["Uppercut","Sling"],"campfire_rested":0,"item_purchase_floors":[4,10],"current_hp_per_floor":[64,61,61,61,67,50,50,35,35,35,35,27,27,31,31,0],"gold":67,"neow_bonus":"TWENTY_PERCENT_HP_BONUS","is_prod":false,"is_daily":false,"chose_seed":false,"campfire_upgraded":3,"win_rate":0,"timestamp":1625066106,"path_taken":["M","M","?","$","?","M","R","E","T","$","?","E","R","M","R","BOSS"],"build_version":"2020-12-22","purchased_purges":0,"victory":false,"max_hp_per_floor":[89,89,89,89,89,89,89,89,89,89,89,89,89,89,89,89],"card_choices":[{"not_picked":["Dark Embrace","Power Through"],"picked":"Pommel Strike","floor":1.0},{"not_picked":["Armaments","Evolve"],"picked":"Anger","floor":2.0},{"not_picked":["Infernal Blade","Havoc"],"picked":"Disarm","floor":5.0},{"not_picked":["Heavy Blade","Headbutt"],"picked":"Armaments","floor":6.0},{"not_picked":["Juggernaut","Sentinel"],"picked":"True Grit","floor":8.0},{"not_picked":["Shrug It Off","Brutality"],"picked":"Iron Wave","floor":12.0},{"not_picked":["Shockwave","Shrug It Off","Rupture"],"picked":"SKIP","floor":14.0}],"player_experience":4896210,"relics_obtained":[{"floor":8.0,"key":"Ornamental Fan"},{"floor":9.0,"key":"Lantern"},{"floor":12.0,"key":"Juzu Bracelet"}],"event_choices":[{"cards_removed":["Strike_R"],"damage_healed":0.0,"max_hp_gain":0.0,"max_hp_loss":0.0,"gold_gain":0.0,"event_name":"Bonfire Elementals","player_choice":"Offered Basic","floor":3.0,"gold_loss":0.0,"damage_taken":0.0},{"damage_healed":0.0,"max_hp_gain":0.0,"max_hp_loss":0.0,"gold_gain":0.0,"event_name":"Match and Keep!","player_choice":"2 cards matched","floor":11.0,"gold_loss":0.0,"damage_taken":0.0,"cards_obtained":["Shockwave","Feed"]}],"is_beta":false,"boss_relics":[],"items_purged_floors":[],"is_endless":false,"potions_floor_spawned":[1,6,8],"killed_by":"Slime Boss","ascension_level":15}