{"gold_per_floor":[113,113,126,140,65,92,92,117,117,117,144,144,144,156,156,227,227,243,259,270,270,195,195,226,3,53,79,79,43,43,69,69,69],"floor_reached":33,"playtime":826,"items_purged":["Strike_R","Strike_R"],"score":558,"play_id":"0b7a9fa5-8eb0-4fdc-957a-96da32cb642d","local_time":"20210630082937","is_ascension_mode":true,"campfire_choices":[{"data":"Bash","floor":10.0,"key":"SMITH"},{"data":"Disarm","floor":13.0,"key":"SMITH"},{"floor":15.0,"key":"REST"},{"floor":23.0,"key":"REST"},{"data":"Uppercut","floor":28.0,"key":"SMITH"},{"floor":32,"key":"REST"}],"neow_cost":"NONE","seed_source_timestamp":152043663687700,"circlet_count":0,"master_deck":["AscendersBane","Strike_R","Strike_R","Defend_R","Defend_R","Defend_R","Defend_R","Bash+1","Combust","Cleave","Twin Strike","Disarm+1","Reaper","Uppercut+1","Ghostly Armor","Impervious","Shrug It Off+1","Inflame"],"special_seed":0,"relics":["Burning Blood","NeowsBlessing","StrikeDummy","Pen Nib","Darkstone Periapt","Centennial Puzzle","FaceOfCleric","Philosopher\u0027s Stone","Mercury Hourglass","Smiling Mask","Potion Belt","Calipers","CeramicFish"],"potions_floor_usage":[],"damage_taken":[{"damage":0.0,"enemies":"Small Slimes","floor":1.0,"turns":1.0},{"damage":0.0,"enemies":"Cultist","floor":3.0,"turns":1.0},{"damage":0.0,"enemies":"Jaw Worm","floor":4.0,"turns":1.0},{"damage":36.0,"enemies":"Lagavulin","floor":6.0,"turns":8.0},{"damage":17.0,"enemies":"3 Sentries","floor":8.0,"turns":4.0},{"damage":17.0,"enemies":"Gremlin Nob","floor":11.0,"turns":3.0},{"damage":10.0,"enemies":"Gremlin Gang","floor":14.0,"turns":3.0},{"damage":22.0,"enemies":"Hexaghost","floor":16.0,"turns":7.0},{"damage":32.0,"enemies":"2 Thieves","floor":18.0,"turns":4.0},{"damage":32.0,"enemies":"Spheric Guardian","floor":19.0,"turns":4.0},{"damage":10.0,"enemies":"Snake Plant","floor":20.0,"turns":3.0},{"damage":55.0,"enemies":"Slavers","floor":24.0,"turns":5.0},{"damage":7.0,"enemies":"Gremlin Leader","floor":27.0,"turns":6.0},{"damage":28,"enemies":"Book of Stabbing","floor":31,"turns":7},{"damage":103,"enemies":"Collector","floor":33,"turns":7}],"seed_played":"-2977663270810557094","potions_obtained":[{"floor":1.0,"key":"SkillPotion"},{"floor":3.0,"key":"LiquidBronze"},{"floor":6.0,"key":"DuplicationPotion"},{"floor":18.0,"key":"Regen Potion"},{"floor":20.0,"key":"SteroidPotion"},{"floor":31,"key":"LiquidBronze"}],"is_trial":false,"path_per_floor":["M","?","M","M","$","E","$","E","T","R","E","?","R","M","R","B",null,"M","M","M","?","?","R","E","$","T","E","R","$","?","E","R","B"],"character_chosen":"IRONCLAD","items_purchased":["AttackPotion","LiquidMemories","Inflame"],"campfire_rested":3,"item_purchase_floors":[25,25,29],"current_hp_per_floor":[74,75,75,75,75,45,45,34,34,34,23,23,23,20,42,27,65,40,19,16,16,16,40,33,33,33,57,57,57,57,54,78,0],"gold":69,"neow_bonus":"THREE_ENEMY_KILL","is_prod":false,"is_daily":false,"chose_seed":false,"campfire_upgraded":3,"win_rate":0,"timestamp":1625066977,"path_taken":["M","?","M","M","$","E","?","E","T","R","E","?","R","M","R","BOSS","M","?","M","?","?","R","E","$","T","E","R","$","?","E","R","BOSS"],"build_version":"2020-12-22","purchased_purges":2,"victory":false,"max_hp_per_floor":[75,75,75,75,75,75,75,75,75,75,75,75,75,76,76,77,77,78,79,80,80,80,80,81,81,81,82,82,82,82,83,83,83],"card_choices":[{"not_picked":["Body Slam","Power Through"],"picked":"Carnage","floor":1.0},{"not_picked":["Reckless Charge","Shrug It Off"],"picked":"Combust","floor":3.0},{"not_picked":["Burning Pact","Iron Wave"],"picked":"Cleave","floor":4.0},{"not_picked":["Heavy Blade","Perfected Strike"],"picked":"Twin Strike","floor":6.0},{"not_picked":["Headbutt","Blood for Blood","Cleave"],"picked":"SKIP","floor":8.0},{"not_picked":["Wild Strike","Shrug It Off"],"picked":"Disarm","floor":11.0},{"not_picked":["Combust","Bloodletting","Cleave"],"picked":"SKIP","floor":14.0},{"not_picked":["Berserk","Fiend Fire"],"picked":"Reaper","floor":16.0},{"not_picked":["Sword Boomerang","Searing Blow","Hemokinesis"],"picked":"SKIP","floor":18.0},{"not_picked":["Heavy Blade","Cleave"],"picked":"Uppercut","floor":19.0},{"not_picked":["Carnage","Entrench"],"picked":"Ghostly Armor","floor":20.0},{"not_picked":["Body Slam+1","Metallicize"],"picked":"Impervious","floor":24.0},{"not_picked":["Barricade","Pommel Strike"],"picked":"Shrug It Off+1","floor":27.0},{"not_picked":["Sword Boomerang","Second Wind","Entrench"],"picked":"SKIP","floor":31}],"player_experience":4896706,"relics_obtained":[{"floor":6.0,"key":"StrikeDummy"},{"floor":8.0,"key":"Pen Nib"},{"floor":9.0,"key":"Darkstone Periapt"},{"floor":11.0,"key":"Centennial Puzzle"},{"floor":24.0,"key":"Mercury Hourglass"},{"floor":26.0,"key":"Smiling Mask"},{"floor":27.0,"key":"Potion Belt"},{"floor":31,"key":"CeramicFish"}],"event_choices":[{"damage_healed":1.0,"max_hp_gain":0.0,"max_hp_loss":0.0,"gold_gain":0.0,"event_name":"Wheel of Change","player_choice":"Full Heal","floor":2.0,"gold_loss":0.0,"damage_taken":0.0},{"damage_healed":0.0,"max_hp_gain":0.0,"max_hp_loss":0.0,"gold_gain":0.0,"event_name":"FaceTrader","player_choice":"Trade","floor":12.0,"gold_loss":0.0,"damage_taken":0.0,"relics_obtained":["FaceOfCleric"]},{"damage_healed":0.0,"max_hp_gain":0.0,"max_hp_loss":0.0,"gold_gain":0.0,"event_name":"Ghosts","player_choice":"Ignored","floor":21.0,"gold_loss":0.0,"damage_taken":0.0},{"cards_removed":["Strike_R"],"damage_healed":0.0,"max_hp_gain":0.0,"max_hp_loss":0.0,"gold_gain":0.0,"event_name":"Beggar","player_choice":"Gave Gold","floor":22.0,"gold_loss":75.0,"damage_taken":0.0},{"cards_removed":["Carnage"],"damage_healed":0.0,"max_hp_gain":0.0,"max_hp_loss":0.0,"gold_gain":0.0,"event_name":"WeMeetAgain","player_choice":"Gave Card","floor":30.0,"gold_loss":0.0,"damage_taken":0.0,"relics_obtained":["Calipers"]}],"is_beta":false,"boss_relics":[{"not_picked":["Black Star","Ectoplasm"],"picked":"Philosopher\u0027s Stone"}],"items_purged_floors":[5,25],"is_endless":false,"potions_floor_spawned":[1,3,4,6,18,20,31],"killed_by":"Collector","ascension_level":15}