{"gold_per_floor":[115,135,154,154,168,168,183,183,210,210,210,249,261,297,309,419,431,464,476,488],"floor_reached":20,"playtime":585,"items_purged":[],"score":305,"play_id":"023d0848-e7ce-43fd-ab90-e5b568d093af","local_time":"20210721174504","is_ascension_mode":true,"campfire_choices":[{"data":"Bash","floor":6.0,"key":"SMITH"},{"data":"Iron Wave","floor":11.0,"key":"SMITH"},{"data":"Twin Strike","floor":13.0,"key":"SMITH"},{"data":"Fiend Fire","floor":15.0,"key":"SMITH"}],"neow_cost":"NONE","seed_source_timestamp":282687670385400,"circlet_count":0,"master_deck":["AscendersBane","Strike_R","Strike_R","Defend_R+1","Defend_R","Defend_R","Defend_R","Bash+1","Shrug It Off+1","Iron Wave+1","Second Wind","Heavy Blade","Twin Strike+1","Fiend Fire+1","Immolate","Clothesline+1","Exhume+1","Combust+1"],"special_seed":0,"relics":["Burning Blood","NeowsBlessing","Golden Idol","Potion Belt","MawBank","Astrolabe","Nilry\u0027s Codex"],"potions_floor_usage":[],"damage_taken":[{"damage":0.0,"enemies":"Cultist","floor":1.0,"turns":1.0},{"damage":0.0,"enemies":"Jaw Worm","floor":2.0,"turns":1.0},{"damage":0.0,"enemies":"Small Slimes","floor":3.0,"turns":1.0},{"damage":2.0,"enemies":"2 Fungi Beasts","floor":5.0,"turns":5.0},{"damage":6.0,"enemies":"Blue Slaver","floor":7.0,"turns":5.0},{"damage":36.0,"enemies":"Lagavulin","floor":12.0,"turns":8.0},{"damage":5.0,"enemies":"Large Slime","floor":14.0,"turns":9.0},{"damage":33.0,"enemies":"Hexaghost","floor":16.0,"turns":15.0},{"damage":17.0,"enemies":"Spheric Guardian","floor":18.0,"turns":5.0},{"damage":29,"enemies":"Shell Parasite","floor":20,"turns":7}],"seed_played":"6433086452394410887","potions_obtained":[{"floor":3.0,"key":"DistilledChaos"},{"floor":12.0,"key":"Regen Potion"},{"floor":14.0,"key":"SkillPotion"}],"is_trial":false,"path_per_floor":["M","M","M","?","M","R","M","?","T","?","R","E","R","M","R","B",null,"M","?","M"],"character_chosen":"IRONCLAD","items_purchased":[],"campfire_rested":0,"item_purchase_floors":[],"current_hp_per_floor":[74,75,75,52,56,56,56,56,56,61,61,31,31,32,32,10,57,46,25,0],"gold":488,"neow_bonus":"THREE_ENEMY_KILL","is_prod":false,"is_daily":false,"chose_seed":false,"campfire_upgraded":4,"win_rate":0,"timestamp":1626914704,"path_taken":["M","?","M","?","M","R","M","?","T","?","R","E","R","M","R","BOSS","M","?","M"],"build_version":"2020-12-22","purchased_purges":0,"victory":false,"max_hp_per_floor":[75,75,75,75,75,75,75,68,68,73,73,73,73,73,73,73,73,73,73,73],"relic_stats":{"counters":[10,57],"Golden Idol":37,"Astrolabe":["Clothesline","Exhume","Combust"],"MawBank":96,"obtain_stats":[{"Potion Belt":9,"NeowsBlessing":0,"Golden Idol":8,"Nilry\u0027s Codex":19,"Astrolabe":17,"MawBank":12,"Burning Blood":0},{"Potion Belt":5,"NeowsBlessing":0,"Golden Idol":5,"Nilry\u0027s Codex":9,"Astrolabe":8,"MawBank":6,"Burning Blood":0},{"Potion Belt":13,"NeowsBlessing":0,"Golden Idol":13,"Nilry\u0027s Codex":50,"Astrolabe":45,"MawBank":21,"Burning Blood":0}],"Burning Blood":43},"card_choices":[{"not_picked":["Clash","Blood for Blood"],"picked":"Shrug It Off","floor":1.0},{"not_picked":["Shrug It Off","Wild Strike"],"picked":"Iron Wave","floor":2.0},{"not_picked":["True Grit","Body Slam"],"picked":"Second Wind","floor":3.0},{"not_picked":["Havoc","Flex","Sever Soul"],"picked":"SKIP","floor":5.0},{"not_picked":["True Grit","Perfected Strike"],"picked":"Heavy Blade","floor":7.0},{"not_picked":["True Grit","Bloodletting"],"picked":"Twin Strike","floor":12.0},{"not_picked":["Rampage","True Grit"],"picked":"Fiend Fire","floor":14.0},{"not_picked":["Limit Break","Exhume"],"picked":"Immolate","floor":16.0},{"not_picked":["True Grit","Rampage","Clothesline"],"picked":"SKIP","floor":18.0}],"player_experience":4906756,"relics_obtained":[{"floor":9.0,"key":"Potion Belt"},{"floor":12.0,"key":"MawBank"},{"floor":19.0,"key":"Nilry\u0027s Codex"}],"event_choices":[{"damage_healed":0.0,"max_hp_gain":0.0,"max_hp_loss":0.0,"gold_gain":0.0,"event_name":"Shining Light","player_choice":"Entered Light","floor":4.0,"gold_loss":0.0,"damage_taken":23.0,"cards_upgraded":["Shrug It Off","Defend_R"]},{"damage_healed":0.0,"max_hp_gain":0.0,"max_hp_loss":7.0,"gold_gain":0.0,"event_name":"Golden Idol","player_choice":"Lose Max HP","floor":8.0,"gold_loss":0.0,"damage_taken":0.0,"relics_obtained":["Golden Idol"]},{"damage_healed":0.0,"max_hp_gain":5.0,"max_hp_loss":0.0,"gold_gain":0.0,"event_name":"Big Fish","player_choice":"Donut","floor":10.0,"gold_loss":0.0,"damage_taken":0.0},{"damage_healed":0.0,"max_hp_gain":0.0,"max_hp_loss":0.0,"gold_gain":0.0,"event_name":"Cursed Tome","player_choice":"Obtained Book","floor":19.0,"gold_loss":0.0,"damage_taken":21.0}],"is_beta":false,"boss_relics":[{"not_picked":["Black Blood","Runic Dome"],"picked":"Astrolabe"}],"items_purged_floors":[],"is_endless":false,"potions_floor_spawned":[3,12,14],"killed_by":"Shell Parasite","ascension_level":15}