{"gold_per_floor":[119,139,158,83,94,94,120,120,120,120,135,135,135,150,150,228,228,245,258,111,124,14,14,30,30,106,41,41,68,20,49,49,120,120,130,177,190,190,86,86,100,133,214,226,75,88,116,133,133,133],"floor_reached":51,"playtime":1768,"items_purged":["Strike_R"],"score":1364,"play_id":"3c518ce5-a70e-4a29-aec3-0fad0566156e","local_time":"20210714144212","is_ascension_mode":true,"campfire_choices":[{"data":"Armaments","floor":6.0,"key":"SMITH"},{"data":"Shockwave","floor":10.0,"key":"SMITH"},{"data":"Bash","floor":13.0,"key":"SMITH"},{"data":"Clothesline","floor":15.0,"key":"SMITH"},{"floor":23.0,"key":"REST"},{"floor":25.0,"key":"REST"},{"data":"Inflame","floor":28.0,"key":"SMITH"},{"floor":32.0,"key":"REST"},{"floor":40,"key":"REST"},{"floor":49,"key":"REST"}],"neow_cost":"CURSE","seed_source_timestamp":0,"circlet_count":0,"master_deck":["AscendersBane","Strike_R","Strike_R","Defend_R+1","Defend_R","Defend_R","Defend_R","Bash+1","Clothesline+1","Armaments+1","Anger","Shockwave+1","Cleave","Impervious","Twin Strike","Feed","Carnage+1","Inflame+1","Double Tap+1","Warcry+1","Metallicize","Offering+1","Metallicize+1","Heavy Blade+1","Disarm+1","Inflame","Burning Pact+1","True Grit+1","Ghostly Armor+1","Flame Barrier+1","Shockwave+1"],"special_seed":0,"relics":["Burning Blood","Question Card","Kunai","Philosopher\u0027s Stone","Ornamental Fan","Singing Bowl","Toxic Egg 2","Mango","Fusion Hammer","Gambling Chip","Art of War","Letter Opener","Bird Faced Urn"],"potions_floor_usage":[42,50,50,50,50],"damage_taken":[{"damage":14.0,"enemies":"Small Slimes","floor":1.0,"turns":7.0},{"damage":10.0,"enemies":"2 Louse","floor":2.0,"turns":3.0},{"damage":4.0,"enemies":"Jaw Worm","floor":3.0,"turns":4.0},{"damage":17.0,"enemies":"Exordium Wildlife","floor":5.0,"turns":6.0},{"damage":17.0,"enemies":"3 Sentries","floor":7.0,"turns":10.0},{"damage":13.0,"enemies":"Lots of Slimes","floor":11.0,"turns":2.0},{"damage":10.0,"enemies":"Looter","floor":14.0,"turns":3.0},{"damage":22.0,"enemies":"The Guardian","floor":16.0,"turns":13.0},{"damage":30.0,"enemies":"3 Byrds","floor":18.0,"turns":6.0},{"damage":12.0,"enemies":"Spheric Guardian","floor":19.0,"turns":3.0},{"damage":31.0,"enemies":"Shelled Parasite and Fungi","floor":21.0,"turns":6.0},{"damage":22.0,"enemies":"Snake Plant","floor":24.0,"turns":2.0},{"damage":18.0,"enemies":"Slavers","floor":29.0,"turns":4.0},{"damage":40.0,"enemies":"Book of Stabbing","floor":31.0,"turns":6.0},{"damage":63.0,"enemies":"Champ","floor":33.0,"turns":10.0},{"damage":7.0,"enemies":"3 Shapes","floor":35.0,"turns":5.0},{"damage":16.0,"enemies":"2 Orb Walkers","floor":36.0,"turns":5.0},{"damage":3,"enemies":"Orb Walker","floor":37,"turns":3},{"damage":6,"enemies":"Jaw Worm Horde","floor":41,"turns":5},{"damage":19,"enemies":"Nemesis","floor":42,"turns":7},{"damage":20,"enemies":"3 Darklings","floor":44,"turns":4},{"damage":6,"enemies":"Maw","floor":46,"turns":6},{"damage":33,"enemies":"Reptomancer","floor":47,"turns":5},{"damage":10,"enemies":"Spire Growth","floor":48,"turns":6},{"damage":26,"enemies":"Time Eater","floor":50,"turns":8}],"seed_played":"7621242329086288888","potions_obtained":[{"floor":5.0,"key":"Energy Potion"},{"floor":11.0,"key":"EntropicBrew"},{"floor":16.0,"key":"SteroidPotion"},{"floor":19.0,"key":"Explosive Potion"},{"floor":33.0,"key":"AttackPotion"},{"floor":37,"key":"Ancient Potion"},{"floor":38,"key":"DistilledChaos"}],"is_trial":false,"path_per_floor":["M","M","M","?","M","R","E","?","T","R","M","?","R","M","R","B",null,"M","M","$","M","?","R","M","R","T","?","R","E","$","E","R","B",null,"M","?","M","?","$","R","M","E","T","M","$","M","E","M","R","B",null],"character_chosen":"IRONCLAD","items_purchased":["Inflame","Warcry+1","CultistPotion","True Grit+1","EntropicBrew"],"campfire_rested":5,"item_purchase_floors":[20,30,39,45,45],"current_hp_per_floor":[74,70,72,72,61,61,50,43,43,43,36,36,36,32,32,16,71,51,48,48,26,26,55,42,72,72,72,72,64,64,47,83,26,99,101,94,102,102,102,134,137,124,124,110,110,110,83,87,128,119],"gold":133,"neow_bonus":"TWENTY_PERCENT_HP_BONUS","is_prod":false,"is_daily":false,"chose_seed":false,"campfire_upgraded":5,"win_rate":0,"timestamp":1626298932,"path_taken":["M","M","M","?","M","R","E","?","T","R","M","?","R","?","R","BOSS","M","M","$","M","?","R","?","R","T","?","R","E","$","E","R","BOSS","M","?","M","?","$","R","M","E","T","M","$","?","E","M","R","BOSS"],"build_version":"2020-12-22","purchased_purges":1,"victory":true,"max_hp_per_floor":[89,89,89,89,89,89,89,89,89,89,89,89,89,89,89,89,89,93,96,96,99,99,99,102,102,102,102,102,106,106,123,123,123,123,126,129,134,134,134,134,137,137,137,137,137,137,137,137,137,140],"card_choices":[{"not_picked":["Pommel Strike","Blood for Blood"],"picked":"Clothesline","floor":1.0},{"not_picked":["True Grit","Power Through"],"picked":"Armaments","floor":2.0},{"not_picked":["Dropkick","Reaper"],"picked":"Anger","floor":3.0},{"not_picked":["Sever Soul","Warcry"],"picked":"Shockwave","floor":5.0},{"not_picked":["Ghostly Armor","Rampage"],"picked":"Cleave","floor":7.0},{"not_picked":["Twin Strike","Iron Wave","Sword Boomerang"],"picked":"Impervious","floor":11.0},{"not_picked":["Entrench","Power Through","Bloodletting"],"picked":"Twin Strike","floor":14.0},{"not_picked":["Limit Break","Impervious","Double Tap"],"picked":"Feed","floor":16.0},{"not_picked":["Shockwave","Blood for Blood","Rupture"],"picked":"Carnage+1","floor":18.0},{"not_picked":["Sword Boomerang","Wild Strike","Perfected Strike","Havoc"],"picked":"SKIP","floor":19.0},{"not_picked":["Body Slam","True Grit","Havoc","Pummel"],"picked":"SKIP","floor":21.0},{"not_picked":["Uppercut","Fire Breathing+1","Body Slam","Warcry"],"picked":"SKIP","floor":24.0},{"not_picked":["Whirlwind","Body Slam+1","Bludgeon"],"picked":"Double Tap+1","floor":29.0},{"not_picked":["Rampage","Intimidate+1","Entrench+1"],"picked":"Metallicize","floor":31.0},{"not_picked":["Demon Form","Brutality","Feed"],"picked":"Offering+1","floor":33.0},{"not_picked":["Twin Strike","Sword Boomerang","True Grit+1"],"picked":"Metallicize+1","floor":35.0},{"not_picked":["Rage+1","Thunderclap+1","Iron Wave+1"],"picked":"Heavy Blade+1","floor":36},{"not_picked":["Body Slam","Combust","Fire Breathing","Clash"],"picked":"Singing Bowl","floor":37},{"not_picked":["Thunderclap","Ghostly Armor+1","Berserk"],"picked":"Disarm+1","floor":41},{"not_picked":["Headbutt","Armaments+1","Rage+1"],"picked":"Inflame","floor":42},{"not_picked":["Anger","Iron Wave","Dual Wield+1"],"picked":"Burning Pact+1","floor":44},{"not_picked":["Warcry+1","Entrench+1","Rage+1"],"picked":"Ghostly Armor+1","floor":46},{"not_picked":["Whirlwind","Clash","Combust"],"picked":"Flame Barrier+1","floor":47},{"not_picked":["Blood for Blood","Clash","Pommel Strike"],"picked":"Shockwave+1","floor":48}],"player_experience":4897532,"relics_obtained":[{"floor":7.0,"key":"Question Card"},{"floor":9.0,"key":"Kunai"},{"floor":26.0,"key":"Ornamental Fan"},{"floor":29.0,"key":"Toxic Egg 2"},{"floor":31.0,"key":"Mango"},{"floor":36,"key":"Gambling Chip"},{"floor":42,"key":"Art of War"},{"floor":43,"key":"Letter Opener"},{"floor":47,"key":"Bird Faced Urn"}],"event_choices":[{"cards_removed":["Clumsy"],"damage_healed":0.0,"max_hp_gain":0.0,"max_hp_loss":0.0,"gold_gain":0.0,"event_name":"The Cleric","player_choice":"Card Removal","floor":4.0,"gold_loss":75.0,"damage_taken":0.0},{"cards_removed":["Strike_R"],"damage_healed":0.0,"max_hp_gain":0.0,"max_hp_loss":0.0,"gold_gain":0.0,"event_name":"Golden Wing","player_choice":"Card Removal","floor":8.0,"gold_loss":0.0,"damage_taken":7.0},{"damage_healed":0.0,"max_hp_gain":0.0,"max_hp_loss":0.0,"gold_gain":0.0,"event_name":"Shining Light","player_choice":"Ignored","floor":12.0,"gold_loss":0.0,"damage_taken":0.0},{"cards_removed":["Strike_R"],"damage_healed":0.0,"max_hp_gain":0.0,"max_hp_loss":0.0,"gold_gain":0.0,"event_name":"Designer","player_choice":"Upgrade and Remove","floor":22.0,"gold_loss":110.0,"damage_taken":0.0,"cards_upgraded":["Defend_R"]},{"damage_healed":0.0,"max_hp_gain":0.0,"max_hp_loss":0.0,"gold_gain":0.0,"event_name":"WeMeetAgain","player_choice":"Paid Gold","floor":27.0,"gold_loss":65.0,"damage_taken":0.0,"relics_obtained":["Singing Bowl"]},{"damage_healed":0.0,"max_hp_gain":0.0,"max_hp_loss":0.0,"gold_gain":0.0,"event_name":"Mysterious Sphere","player_choice":"Fight","floor":36.0,"gold_loss":0.0,"damage_taken":0.0},{"damage_healed":0,"gold_gain":0,"player_choice":"Got Potions","damage_taken":0,"max_hp_gain":0,"max_hp_loss":0,"event_name":"Lab","floor":38,"gold_loss":0}],"is_beta":false,"boss_relics":[{"not_picked":["Black Blood","Velvet Choker"],"picked":"Philosopher\u0027s Stone"},{"not_picked":["Sozu","Runic Pyramid"],"picked":"Fusion Hammer"}],"items_purged_floors":[20],"is_endless":false,"potions_floor_spawned":[5,11,16,18,19,33,37,41,46,47,48],"ascension_level":15}