{"gold_per_floor":[109,109,259,309,322,322,353,353,353,368,399,75,100,113,113,191,191,176,176,0,0,11,39,57,57,103,103,129,3,3,15,15,92,92,102,102,127,142,196,196,196,248,248,248,273,273,289,60,60,60],"floor_reached":51,"playtime":1864,"items_purged":["Doubt","Strike_R","Strike_R"],"score":1372,"play_id":"4b0f4721-f0f9-4cc7-bf5b-f9a438c0787b","local_time":"20210730220738","is_ascension_mode":true,"campfire_choices":[{"data":"Thunderclap","floor":6.0,"key":"SMITH"},{"data":"Feed","floor":8.0,"key":"SMITH"},{"data":"Clothesline","floor":15.0,"key":"SMITH"},{"floor":25.0,"key":"REST"},{"data":"Body Slam","floor":27.0,"key":"SMITH"},{"floor":30.0,"key":"REST"},{"floor":32.0,"key":"REST"},{"data":"Limit Break","floor":40.0,"key":"SMITH"},{"data":"Inflame","floor":44.0,"key":"SMITH"},{"data":"Evolve","floor":46.0,"key":"SMITH"},{"data":"Battle Trance","floor":49,"key":"SMITH"}],"neow_cost":"NONE","seed_source_timestamp":38369627357900,"circlet_count":0,"master_deck":["AscendersBane","Strike_R+1","Strike_R+1","Defend_R","Defend_R+1","Defend_R","Defend_R+1","Bash+1","Flame Barrier","Thunderclap+1","Feed+1","Clothesline+1","Metallicize","Iron Wave","Headbutt","Limit Break+1","Power Through","Battle Trance+1","Body Slam+1","Flex+1","Inflame+1","Impervious","Ghostly Armor","Feed","Combust","Evolve+1","Shockwave+1","Parasite","Iron Wave+1"],"special_seed":0,"relics":["Burning Blood","NeowsBlessing","Whetstone","Ornamental Fan","Kunai","Meat on the Bone","Pen Nib","Black Star","TungstenRod","Question Card","Blood Vial","Juzu Bracelet","Centennial Puzzle","Velvet Choker","Du-Vu Doll","Peace Pipe","Nunchaku","Bottled Lightning","Bottled Flame","War Paint"],"potions_floor_usage":[48,50,50],"damage_taken":[{"damage":0.0,"enemies":"Jaw Worm","floor":1.0,"turns":1.0},{"damage":0.0,"enemies":"Small Slimes","floor":5.0,"turns":1.0},{"damage":0.0,"enemies":"Gremlin Nob","floor":7.0,"turns":1.0},{"damage":12.0,"enemies":"Cultist","floor":10.0,"turns":6.0},{"damage":41.0,"enemies":"Lagavulin","floor":11.0,"turns":8.0},{"damage":28.0,"enemies":"Gremlin Nob","floor":13.0,"turns":4.0},{"damage":2.0,"enemies":"Exordium Wildlife","floor":14.0,"turns":3.0},{"damage":35.0,"enemies":"Slime Boss","floor":16.0,"turns":10.0},{"damage":15.0,"enemies":"2 Thieves","floor":18.0,"turns":4.0},{"damage":1.0,"enemies":"3 Byrds","floor":22.0,"turns":6.0},{"damage":71.0,"enemies":"Book of Stabbing","floor":23.0,"turns":7.0},{"damage":30.0,"enemies":"Centurion and Healer","floor":24.0,"turns":12.0},{"damage":44.0,"enemies":"Gremlin Leader","floor":28.0,"turns":8.0},{"damage":14.0,"enemies":"Snake Plant","floor":31.0,"turns":3.0},{"damage":85.0,"enemies":"Collector","floor":33.0,"turns":12.0},{"damage":12.0,"enemies":"3 Shapes","floor":35.0,"turns":5.0},{"damage":0.0,"enemies":"Mind Bloom Boss Battle","floor":37.0,"turns":6.0},{"damage":25.0,"enemies":"3 Darklings","floor":38.0,"turns":4.0},{"damage":28.0,"enemies":"2 Orb Walkers","floor":39.0,"turns":5.0},{"damage":22.0,"enemies":"Giant Head","floor":45.0,"turns":7.0},{"damage":15.0,"enemies":"Writhing Mass","floor":47.0,"turns":8.0},{"damage":47,"enemies":"Donu and Deca","floor":50,"turns":7}],"seed_played":"7905208499118103338","potions_obtained":[{"floor":7.0,"key":"ElixirPotion"},{"floor":10.0,"key":"BloodPotion"},{"floor":11.0,"key":"EssenceOfSteel"},{"floor":13.0,"key":"BloodPotion"},{"floor":16.0,"key":"SkillPotion"},{"floor":18.0,"key":"AttackPotion"},{"floor":31.0,"key":"DistilledChaos"},{"floor":35.0,"key":"DistilledChaos"},{"floor":39.0,"key":"LiquidMemories"},{"floor":47.0,"key":"FearPotion"}],"is_trial":false,"path_per_floor":["M","?","?","?","M","R","E","R","T","M","E","$","E","M","R","B",null,"M","?","$","?","M","E","M","R","T","R","E","$","R","M","R","B",null,"M","?","?","M","?","R","?","T","T","R","E","R","M","$","R","B",null],"character_chosen":"IRONCLAD","items_purchased":["Meat on the Bone","Battle Trance","Inflame","PowerPotion","BloodPotion","PowerPotion"],"campfire_rested":3,"item_purchase_floors":[12,20,29,29,48,48],"current_hp_per_floor":[74,74,74,74,75,75,75,75,75,73,53,53,47,55,55,60,83,78,78,78,78,87,34,26,56,56,56,32,32,62,60,92,27,87,87,87,99,82,66,66,66,66,66,66,64,64,72,95,95,72],"gold":60,"neow_bonus":"THREE_ENEMY_KILL","is_prod":false,"is_daily":false,"chose_seed":false,"campfire_upgraded":8,"win_rate":0,"timestamp":1627708058,"path_taken":["M","?","?","?","M","R","E","R","T","?","E","$","E","M","R","BOSS","M","?","$","?","M","E","M","R","T","R","E","?","R","M","R","BOSS","M","?","?","M","?","R","?","?","T","R","E","R","M","$","R","BOSS"],"build_version":"2020-12-22","purchased_purges":3,"victory":true,"max_hp_per_floor":[75,75,75,75,75,75,75,75,75,79,79,79,83,87,87,91,91,95,95,95,95,99,99,103,103,103,103,103,103,103,107,107,107,107,111,111,115,115,119,119,113,113,113,113,113,113,116,116,116,120],"card_choices":[{"not_picked":["Perfected Strike","Thunderclap"],"picked":"Flame Barrier","floor":1.0},{"not_picked":["Intimidate","Perfected Strike"],"picked":"Thunderclap","floor":5.0},{"not_picked":["Armaments","Flex"],"picked":"Feed","floor":7.0},{"not_picked":["Sever Soul","Bloodletting"],"picked":"Clothesline","floor":10.0},{"not_picked":["Warcry","Shockwave"],"picked":"Metallicize","floor":11.0},{"not_picked":["Shrug It Off","Twin Strike"],"picked":"Iron Wave","floor":13.0},{"not_picked":["Reckless Charge","Pummel"],"picked":"Headbutt","floor":14.0},{"not_picked":["Juggernaut","Brutality"],"picked":"Limit Break","floor":16.0},{"not_picked":["Sword Boomerang","True Grit"],"picked":"Power Through","floor":18.0},{"not_picked":["Clash","Dark Embrace"],"picked":"Body Slam","floor":22.0},{"not_picked":["Cleave","Seeing Red"],"picked":"Flex+1","floor":23.0},{"not_picked":["Cleave","Evolve","Clothesline","Heavy Blade"],"picked":"SKIP","floor":24.0},{"not_picked":["Reckless Charge","Heavy Blade","Clash+1","Exhume"],"picked":"SKIP","floor":28.0},{"not_picked":["Pommel Strike","Uppercut","Burning Pact","Sever Soul+1"],"picked":"SKIP","floor":31.0},{"not_picked":["Limit Break","Berserk","Fiend Fire"],"picked":"Impervious","floor":33.0},{"not_picked":["Sword Boomerang","Body Slam","Clash"],"picked":"Ghostly Armor","floor":35.0},{"not_picked":["Carnage+1","Inflame","Headbutt+1"],"picked":"Combust","floor":37.0},{"not_picked":["Cleave","Power Through","Seeing Red","Uppercut"],"picked":"SKIP","floor":38.0},{"not_picked":["Rampage+1","Fire Breathing","Rupture+1"],"picked":"Evolve","floor":39.0},{"not_picked":["Flex","Perfected Strike","Brutality"],"picked":"Shockwave+1","floor":45.0},{"not_picked":["Warcry","Blood for Blood","Fire Breathing"],"picked":"Iron Wave+1","floor":47.0}],"player_experience":4921044,"relics_obtained":[{"floor":7.0,"key":"Whetstone"},{"floor":9.0,"key":"Ornamental Fan"},{"floor":11.0,"key":"Kunai"},{"floor":13.0,"key":"Pen Nib"},{"floor":23.0,"key":"TungstenRod"},{"floor":23.0,"key":"Question Card"},{"floor":26.0,"key":"Blood Vial"},{"floor":28.0,"key":"Juzu Bracelet"},{"floor":28.0,"key":"Centennial Puzzle"},{"floor":37.0,"key":"Du-Vu Doll"},{"floor":39.0,"key":"Peace Pipe"},{"floor":42.0,"key":"Nunchaku"},{"floor":43.0,"key":"Bottled Lightning"},{"floor":45.0,"key":"Bottled Flame"},{"floor":45.0,"key":"War Paint"}],"event_choices":[{"damage_healed":0.0,"max_hp_gain":0.0,"max_hp_loss":0.0,"gold_gain":0.0,"event_name":"Living Wall","player_choice":"Grow","floor":2.0,"gold_loss":0.0,"damage_taken":0.0,"cards_upgraded":["Bash"]},{"damage_healed":0.0,"max_hp_gain":0.0,"max_hp_loss":0.0,"gold_gain":150.0,"event_name":"Liars Game","player_choice":"AGREE","floor":3.0,"gold_loss":0.0,"damage_taken":0.0,"cards_obtained":["Doubt"]},{"damage_healed":0.0,"max_hp_gain":0.0,"max_hp_loss":0.0,"gold_gain":50.0,"event_name":"Golden Shrine","player_choice":"Pray","floor":4.0,"gold_loss":0.0,"damage_taken":0.0},{"damage_healed":0.0,"max_hp_gain":0.0,"max_hp_loss":0.0,"gold_gain":0.0,"event_name":"Ghosts","player_choice":"Ignored","floor":19.0,"gold_loss":0.0,"damage_taken":0.0},{"damage_healed":0.0,"max_hp_gain":0.0,"max_hp_loss":0.0,"gold_gain":0.0,"cards_transformed":["Strike_R"],"event_name":"Transmorgrifier","player_choice":"Transformed","floor":36.0,"gold_loss":0.0,"damage_taken":0.0,"cards_obtained":["Feed"]},{"damage_healed":0.0,"max_hp_gain":0.0,"max_hp_loss":0.0,"gold_gain":0.0,"event_name":"MindBloom","player_choice":"Fight","floor":37.0,"gold_loss":0.0,"damage_taken":0.0},{"damage_healed":0.0,"max_hp_gain":0.0,"max_hp_loss":0.0,"gold_gain":0.0,"event_name":"Mysterious Sphere","player_choice":"Fight","floor":39.0,"gold_loss":0.0,"damage_taken":0.0},{"damage_healed":0.0,"max_hp_gain":0.0,"max_hp_loss":6.0,"gold_gain":0.0,"event_name":"Winding Halls","player_choice":"Max HP","floor":41.0,"gold_loss":0.0,"damage_taken":0.0}],"is_beta":false,"boss_relics":[{"not_picked":["SacredBark","Busted Crown"],"picked":"Black Star"},{"not_picked":["Runic Cube","Tiny House"],"picked":"Velvet Choker"}],"items_purged_floors":[12,20,48],"is_endless":false,"potions_floor_spawned":[7,10,11,13,16,18,22,31,35,39,47],"ascension_level":15}