{"gold_per_floor":[113,188,202,219,219,219,246,5,5,24,54,71,106,121,121,193,193,209,220,76,76,93,118,118,147,200,232,232,40,40,51,51,51],"floor_reached":33,"playtime":1108,"items_purged":["Strike_R","Bite"],"score":594,"play_id":"658fdb25-2eea-4c8c-9070-36fc317d95d1","local_time":"20210727214045","is_ascension_mode":true,"campfire_choices":[{"data":"Bash","floor":6,"key":"SMITH"},{"floor":15,"key":"REST"},{"floor":24,"key":"REST"},{"floor":32,"key":"REST"}],"neow_cost":"NONE","seed_source_timestamp":29588381286600,"circlet_count":0,"master_deck":["AscendersBane","Defend_R","Defend_R","Defend_R","Defend_R","Bash+1","Thunderclap","Inflame","Cleave","Hemokinesis","Uppercut","Limit Break","Pummel","Shrug It Off","Immolate","CurseOfTheBell","Iron Wave+1","Metallicize+1","Bite","Bite","Bite","Bite","Iron Wave+1","Seeing Red","True Grit"],"relics":["Burning Blood","Mango","Paper Frog","Pear","Pen Nib","Lantern","Calling Bell","Toy Ornithopter","Frozen Egg 2","Ice Cream","Letter Opener","Dead Branch","Bag of Marbles","Strawberry","FaceOfCleric"],"potions_floor_usage":[7,11,13,16,19,23,25,33],"damage_taken":[{"damage":7,"enemies":"2 Louse","floor":1,"turns":3},{"damage":19,"enemies":"Small Slimes","floor":3,"turns":5},{"damage":2,"enemies":"Jaw Worm","floor":4,"turns":3},{"damage":30,"enemies":"3 Sentries","floor":7,"turns":6},{"damage":13,"enemies":"Blue Slaver","floor":10,"turns":3},{"damage":18,"enemies":"Gremlin Nob","floor":11,"turns":3},{"damage":22,"enemies":"Large Slime","floor":12,"turns":4},{"damage":21,"enemies":"3 Sentries","floor":13,"turns":6},{"damage":6,"enemies":"3 Louse","floor":14,"turns":2},{"damage":38,"enemies":"Slime Boss","floor":16,"turns":7},{"damage":32,"enemies":"3 Byrds","floor":18,"turns":7},{"damage":41,"enemies":"2 Thieves","floor":19,"turns":5},{"damage":33,"enemies":"Cultist and Chosen","floor":22,"turns":6},{"damage":20,"enemies":"Gremlin Leader","floor":23,"turns":7},{"damage":34,"enemies":"Book of Stabbing","floor":25,"turns":6},{"damage":1,"enemies":"Gremlin Leader","floor":27,"turns":4},{"damage":0,"enemies":"Sentry and Sphere","floor":31,"turns":3},{"damage":96,"enemies":"Collector","floor":33,"turns":8}],"seed_played":"6796390081201080850","potions_obtained":[{"floor":0,"key":"Dexterity Potion"},{"floor":0,"key":"Fire Potion"},{"floor":7,"key":"Fire Potion"},{"floor":11,"key":"DuplicationPotion"},{"floor":13,"key":"Dexterity Potion"},{"floor":18,"key":"Regen Potion"},{"floor":19,"key":"Fire Potion"},{"floor":25,"key":"Ancient Potion"},{"floor":31,"key":"Dexterity Potion"}],"is_trial":false,"path_per_floor":["M","?","M","M","?","R","E","$","T","M","E","M","E","M","R","B",null,"M","M","$","?","M","E","R","E","T","E","?","$","?","M","R","B"],"character_chosen":"IRONCLAD","items_purchased":["Paper Frog","Metallicize+1","Seeing Red","True Grit"],"campfire_rested":3,"item_purchase_floors":[8,20,29,29],"current_hp_per_floor":[67,56,43,47,72,72,62,62,72,65,53,37,22,22,51,19,79,53,37,37,37,20,27,47,34,34,52,30,30,30,39,63,0],"gold":51,"neow_bonus":"THREE_SMALL_POTIONS","is_prod":false,"is_daily":false,"chose_seed":false,"campfire_upgraded":1,"win_rate":0,"timestamp":1627447245,"path_taken":["M","?","M","M","?","R","E","?","T","M","E","M","E","M","R","BOSS","M","M","$","?","M","E","R","E","T","E","?","$","?","?","R","BOSS"],"build_version":"2020-12-22","purchased_purges":2,"victory":false,"max_hp_per_floor":[75,75,75,75,75,75,89,89,99,99,99,99,99,99,99,99,99,99,99,99,69,69,69,69,69,69,76,81,81,81,82,82,82],"card_choices":[{"not_picked":["Sword Boomerang","Twin Strike"],"picked":"Thunderclap","floor":1},{"not_picked":["Warcry","Combust"],"picked":"Inflame","floor":3},{"not_picked":["Twin Strike","Dropkick"],"picked":"Cleave","floor":4},{"not_picked":["Rampage","Perfected Strike"],"picked":"Hemokinesis","floor":7},{"not_picked":["Twin Strike","Clash"],"picked":"Uppercut","floor":10},{"not_picked":["Clothesline","Infernal Blade"],"picked":"Limit Break","floor":11},{"not_picked":["Havoc","Armaments"],"picked":"Pummel","floor":12},{"not_picked":["Clash","Flex","Pommel Strike"],"picked":"SKIP","floor":13},{"not_picked":["Clothesline","Sword Boomerang"],"picked":"Shrug It Off","floor":14},{"not_picked":["Bludgeon","Limit Break"],"picked":"Immolate","floor":16},{"not_picked":["Headbutt+1","Reckless Charge"],"picked":"Iron Wave+1","floor":18},{"not_picked":["Whirlwind","Dark Embrace+1","Sever Soul"],"picked":"SKIP","floor":19},{"not_picked":["Armaments","Dual Wield"],"picked":"Iron Wave+1","floor":22},{"not_picked":["Flex","Clash","Headbutt"],"picked":"SKIP","floor":23},{"not_picked":["Entrench","Flex","Bloodletting"],"picked":"SKIP","floor":25},{"not_picked":["Heavy Blade","Intimidate","Blood for Blood+1"],"picked":"SKIP","floor":27},{"not_picked":["Double Tap","Dark Embrace+1","Body Slam+1"],"picked":"SKIP","floor":31}],"player_experience":4919936,"relics_obtained":[{"floor":7,"key":"Mango"},{"floor":9,"key":"Pear"},{"floor":11,"key":"Pen Nib"},{"floor":13,"key":"Lantern"},{"floor":17,"key":"Toy Ornithopter"},{"floor":17,"key":"Frozen Egg 2"},{"floor":17,"key":"Ice Cream"},{"floor":23,"key":"Letter Opener"},{"floor":25,"key":"Dead Branch"},{"floor":26,"key":"Bag of Marbles"},{"floor":27,"key":"Strawberry"}],"event_choices":[{"damage_healed":0,"gold_gain":75,"player_choice":"Gather Gold","damage_taken":11,"max_hp_gain":0,"max_hp_loss":0,"event_name":"World of Goop","floor":2,"gold_loss":0},{"damage_healed":25,"gold_gain":0,"player_choice":"Banana","damage_taken":0,"max_hp_gain":0,"max_hp_loss":0,"event_name":"Big Fish","floor":5,"gold_loss":0},{"damage_healed":0,"gold_gain":0,"player_choice":"Became a vampire","damage_taken":0,"max_hp_gain":0,"max_hp_loss":30,"event_name":"Vampires","floor":21,"gold_loss":0,"cards_obtained":["Bite","Bite","Bite","Bite","Bite"]},{"damage_healed":0,"gold_gain":0,"player_choice":"Shed Blood","damage_taken":27,"max_hp_gain":5,"max_hp_loss":0,"event_name":"Forgotten Altar","floor":28,"gold_loss":0},{"damage_healed":0,"gold_gain":0,"player_choice":"Trade","damage_taken":0,"relics_obtained":["FaceOfCleric"],"max_hp_gain":0,"max_hp_loss":0,"event_name":"FaceTrader","floor":30,"gold_loss":0}],"is_beta":false,"boss_relics":[{"not_picked":["Astrolabe","Runic Dome"],"picked":"Calling Bell"}],"items_purged_floors":[20,29],"is_endless":false,"potions_floor_spawned":[7,11,12,13,14,18,19,25,31],"killed_by":"Collector","ascension_level":15}