{"gold_per_floor":[112,124,124,199,13,13,43,61,87,106,137,149,149,4,4,78,78,94,94,110,0,13,13,24,36,62,97,116,116,116,146,146,221,221,238,238,257,269,197,239,239,279,279,298,326,382,41,66,66,66],"floor_reached":51,"playtime":1789,"items_purged":["Strike_R","Strike_R"],"score":1294,"play_id":"395ada2d-24fc-46ce-99f1-66992e0ef763","local_time":"20210824224359","is_ascension_mode":true,"campfire_choices":[{"data":"Bash","floor":6.0,"key":"SMITH"},{"data":"Immolate","floor":13.0,"key":"SMITH"},{"data":"Inflame","floor":15.0,"key":"SMITH"},{"data":"Flame Barrier","floor":23.0,"key":"SMITH"},{"data":"Whirlwind","floor":29.0,"key":"SMITH"},{"data":"Demon Form","floor":32.0,"key":"SMITH"},{"floor":41.0,"key":"REST"},{"floor":49,"key":"REST"}],"neow_cost":"NONE","seed_source_timestamp":51588398450100,"circlet_count":0,"master_deck":["AscendersBane","Defend_R+1","Defend_R","Defend_R","Defend_R","Bash+1","Whirlwind+1","Sword Boomerang","Immolate+1","Shrug It Off","Inflame+1","Clothesline","Battle Trance","Offering","Flame Barrier+1","Demon Form+1","Anger","Spot Weakness+1","Fiend Fire","Flame Barrier+1","Disarm","Feel No Pain","Entrench+1","Dual Wield+1","Rage+1","Havoc+1","True Grit+1","Ghostly Armor+1","Iron Wave","Intimidate+1"],"special_seed":0,"relics":["Burning Blood","Bag of Preparation","Potion Belt","Toy Ornithopter","SlaversCollar","Happy Flower","Orichalcum","Ornamental Fan","Fusion Hammer","CeramicFish","Toxic Egg 2","Smiling Mask","Unceasing Top"],"potions_floor_usage":[47,50,50,50],"damage_taken":[{"damage":7.0,"enemies":"Small Slimes","floor":1.0,"turns":5.0},{"damage":9.0,"enemies":"Jaw Worm","floor":2.0,"turns":4.0},{"damage":18.0,"enemies":"Gremlin Nob","floor":7.0,"turns":4.0},{"damage":0.0,"enemies":"2 Louse","floor":8.0,"turns":2.0},{"damage":0.0,"enemies":"Gremlin Gang","floor":10.0,"turns":2.0},{"damage":17.0,"enemies":"Lagavulin","floor":11.0,"turns":5.0},{"damage":0.0,"enemies":"Large Slime","floor":12.0,"turns":6.0},{"damage":20.0,"enemies":"Slime Boss","floor":16.0,"turns":6.0},{"damage":0.0,"enemies":"3 Byrds","floor":18.0,"turns":3.0},{"damage":21.0,"enemies":"Shell Parasite","floor":20.0,"turns":10.0},{"damage":6.0,"enemies":"3 Cultists","floor":22.0,"turns":2.0},{"damage":21.0,"enemies":"Snake Plant","floor":24.0,"turns":4.0},{"damage":27.0,"enemies":"Snecko","floor":25.0,"turns":5.0},{"damage":2.0,"enemies":"Gremlin Leader","floor":27.0,"turns":4.0},{"damage":12.0,"enemies":"Centurion and Healer","floor":28.0,"turns":3.0},{"damage":2.0,"enemies":"Chosen and Byrds","floor":30.0,"turns":4.0},{"damage":18.0,"enemies":"Slavers","floor":31.0,"turns":2.0},{"damage":20.0,"enemies":"Champ","floor":33.0,"turns":6.0},{"damage":3.0,"enemies":"Orb Walker","floor":35.0,"turns":2.0},{"damage":0.0,"enemies":"3 Shapes","floor":37.0,"turns":1.0},{"damage":6.0,"enemies":"Transient","floor":38.0,"turns":5.0},{"damage":35.0,"enemies":"Nemesis","floor":40.0,"turns":7.0},{"damage":13.0,"enemies":"Reptomancer","floor":42.0,"turns":4.0},{"damage":11.0,"enemies":"Maw","floor":44.0,"turns":8.0},{"damage":25.0,"enemies":"Writhing Mass","floor":45.0,"turns":5.0},{"damage":6.0,"enemies":"2 Orb Walkers","floor":46.0,"turns":3.0},{"damage":6,"enemies":"Transient","floor":48,"turns":5},{"damage":10,"enemies":"Time Eater","floor":50,"turns":10}],"seed_played":"6720434435037828296","potions_obtained":[{"floor":0.0,"key":"DistilledChaos"},{"floor":0.0,"key":"CultistPotion"},{"floor":8.0,"key":"Explosive Potion"},{"floor":10.0,"key":"ElixirPotion"},{"floor":20.0,"key":"Swift Potion"},{"floor":24.0,"key":"SteroidPotion"},{"floor":28.0,"key":"SmokeBomb"},{"floor":33.0,"key":"CultistPotion"},{"floor":37.0,"key":"SpeedPotion"},{"floor":38.0,"key":"Block Potion"},{"floor":42.0,"key":"PowerPotion"},{"floor":45.0,"key":"ColorlessPotion"}],"is_trial":false,"path_per_floor":["M","M","?","?","$","R","E","M","T","M","E","M","R","$","R","B",null,"M","?","M","?","M","R","M","M","T","E","M","R","M","E","R","B",null,"M","?","M","M","$","E","R","E","T","M","M","?","$","M","R","B",null],"character_chosen":"IRONCLAD","items_purchased":["Immolate","Shrug It Off","Battle Trance","LiquidMemories","Fruit Juice","Ancient Potion","True Grit+1","Ghostly Armor+1","Iron Wave"],"campfire_rested":2,"item_purchase_floors":[5,5,14,39,47,47,47,47,47],"current_hp_per_floor":[67,64,57,46,46,46,34,40,40,46,35,41,41,41,41,27,63,69,69,54,54,59,59,44,23,23,27,21,21,30,23,23,9,59,62,62,73,73,73,52,74,67,67,62,43,48,58,58,80,76],"gold":66,"neow_bonus":"THREE_SMALL_POTIONS","is_prod":false,"is_daily":false,"chose_seed":false,"campfire_upgraded":6,"win_rate":0,"timestamp":1629870239,"path_taken":["M","M","?","?","$","R","E","M","T","M","E","M","R","?","R","BOSS","M","?","M","?","M","R","M","M","T","E","M","R","?","E","R","BOSS","M","?","M","?","$","E","R","E","T","M","?","?","$","M","R","BOSS"],"build_version":"2020-12-22","purchased_purges":2,"victory":true,"max_hp_per_floor":[75,75,75,75,75,75,75,75,75,75,75,75,75,75,75,75,75,75,75,75,75,75,75,75,75,75,75,75,75,75,75,75,75,75,75,75,75,75,75,75,75,75,75,75,75,75,80,80,80,80],"card_choices":[{"not_picked":["Burning Pact","Sentinel"],"picked":"Whirlwind","floor":1.0},{"not_picked":["Clash","Dropkick"],"picked":"Sword Boomerang","floor":2.0},{"not_picked":["Hemokinesis","Battle Trance"],"picked":"Inflame","floor":7.0},{"not_picked":["Shrug It Off","Havoc","Clash"],"picked":"SKIP","floor":8.0},{"not_picked":["Shrug It Off","Sentinel"],"picked":"Clothesline","floor":10.0},{"not_picked":["Dark Embrace","Cleave","Evolve"],"picked":"SKIP","floor":11.0},{"not_picked":["Wild Strike","Seeing Red","Shrug It Off"],"picked":"SKIP","floor":12.0},{"not_picked":["Immolate","Double Tap"],"picked":"Offering","floor":16.0},{"not_picked":["Flex","Wild Strike"],"picked":"Flame Barrier","floor":18.0},{"not_picked":["Searing Blow","Wild Strike","Armaments"],"picked":"SKIP","floor":20.0},{"not_picked":["Thunderclap","Clash","Clothesline+1"],"picked":"SKIP","floor":22.0},{"not_picked":["Headbutt","Havoc"],"picked":"Anger","floor":24.0},{"not_picked":["True Grit","Evolve"],"picked":"Spot Weakness+1","floor":25.0},{"not_picked":["Clash","Infernal Blade","Clothesline"],"picked":"SKIP","floor":27.0},{"not_picked":["Pommel Strike","Thunderclap","Rampage"],"picked":"SKIP","floor":28.0},{"not_picked":["Rupture","Anger","Evolve"],"picked":"SKIP","floor":31.0},{"not_picked":["Immolate","Offering"],"picked":"Fiend Fire","floor":33.0},{"not_picked":["Clothesline","Entrench","Hemokinesis+1"],"picked":"SKIP","floor":35.0},{"not_picked":["Rupture+1","Iron Wave","True Grit"],"picked":"SKIP","floor":37.0},{"not_picked":["Perfected Strike","Offering"],"picked":"Disarm","floor":38.0},{"not_picked":["Burning Pact+1","Flame Barrier"],"picked":"Feel No Pain","floor":40.0},{"not_picked":["Anger+1","Feed"],"picked":"Entrench+1","floor":42.0},{"not_picked":["Perfected Strike","Thunderclap"],"picked":"Dual Wield+1","floor":44.0},{"not_picked":["Dropkick","Havoc+1"],"picked":"Rage+1","floor":45.0},{"not_picked":["Sword Boomerang","Dropkick"],"picked":"Havoc+1","floor":46.0},{"not_picked":["Cleave","Wild Strike+1"],"picked":"Intimidate+1","floor":48}],"player_experience":4930488,"relics_obtained":[{"floor":7.0,"key":"Bag of Preparation"},{"floor":9.0,"key":"Potion Belt"},{"floor":11.0,"key":"Toy Ornithopter"},{"floor":26.0,"key":"Happy Flower"},{"floor":27.0,"key":"Orichalcum"},{"floor":31.0,"key":"Ornamental Fan"},{"floor":40.0,"key":"CeramicFish"},{"floor":42.0,"key":"Toxic Egg 2"},{"floor":43.0,"key":"Smiling Mask"},{"floor":46.0,"key":"Unceasing Top"}],"event_choices":[{"cards_removed":["Strike_R"],"damage_healed":0.0,"max_hp_gain":0.0,"max_hp_loss":0.0,"gold_gain":0.0,"event_name":"Golden Wing","player_choice":"Card Removal","floor":3.0,"gold_loss":0.0,"damage_taken":7.0},{"damage_healed":0.0,"max_hp_gain":0.0,"max_hp_loss":0.0,"gold_gain":75.0,"event_name":"World of Goop","player_choice":"Gather Gold","floor":4.0,"gold_loss":0.0,"damage_taken":11.0},{"damage_healed":0.0,"max_hp_gain":0.0,"max_hp_loss":0.0,"gold_gain":0.0,"cards_transformed":["Strike_R","Strike_R"],"event_name":"Drug Dealer","player_choice":"Became Test Subject","floor":19.0,"gold_loss":0.0,"damage_taken":0.0,"cards_obtained":["Demon Form","Exhume"]},{"cards_removed":["Exhume"],"damage_healed":0.0,"max_hp_gain":0.0,"max_hp_loss":0.0,"gold_gain":0.0,"event_name":"Designer","player_choice":"Upgrade and Remove","floor":21.0,"gold_loss":110.0,"damage_taken":0.0,"cards_upgraded":["Defend_R"]},{"damage_healed":0.0,"max_hp_gain":0.0,"max_hp_loss":0.0,"gold_gain":0.0,"event_name":"Duplicator","player_choice":"Copied","floor":36.0,"gold_loss":0.0,"damage_taken":0.0,"cards_obtained":["Flame Barrier"]},{"damage_healed":0.0,"max_hp_gain":0.0,"max_hp_loss":0.0,"gold_gain":0.0,"event_name":"Mysterious Sphere","player_choice":"Fight","floor":46.0,"gold_loss":0.0,"damage_taken":0.0}],"is_beta":false,"boss_relics":[{"not_picked":["Black Blood","Runic Dome"],"picked":"SlaversCollar"},{"not_picked":["Black Star","Runic Cube"],"picked":"Fusion Hammer"}],"items_purged_floors":[14,47],"is_endless":false,"potions_floor_spawned":[1,2,8,10,20,24,28,33,37,38,42,45],"ascension_level":15}