{"gold_per_floor":[368,144,161,173,188,202,229,240,314,345,356,356,375,409,409,483,483,502,520,535,547,547,547,558,583,583,583,914,914,839,131,131,206,206,222,242,242,14,24,24,35,35,62,76,76,76,101,119,119,119],"floor_reached":51,"playtime":1873,"items_purged":["Clumsy","Strike_R","Strike_R"],"score":1513,"play_id":"4ae8ce3a-62cd-45f6-98b3-bfa4a6068ac4","local_time":"20210824135339","is_ascension_mode":true,"campfire_choices":[{"data":"Whirlwind","floor":15.0,"key":"SMITH"},{"data":"Corruption","floor":23.0,"key":"SMITH"},{"data":"Juggernaut","floor":27,"key":"SMITH"},{"data":"Metallicize","floor":29,"key":"SMITH"},{"data":"Bash","floor":32,"key":"SMITH"},{"data":"Apotheosis","floor":40,"key":"SMITH"},{"data":"Spot Weakness","floor":49,"key":"SMITH"}],"neow_cost":"CURSE","seed_source_timestamp":19687238082600,"circlet_count":0,"master_deck":["AscendersBane","Strike_R","Strike_R","Defend_R","Defend_R","Defend_R+1","Bash+1","Clothesline","Cleave","Metallicize+1","Iron Wave","Ghostly Armor","Shrug It Off+1","Corruption+1","Whirlwind+1","Juggernaut+1","Anger+1","Shrug It Off","Offering","Shrug It Off+1","Spot Weakness+1","Apotheosis+1","Panacea","Shrug It Off+1","Reaper"],"special_seed":0,"relics":["Burning Blood","Red Skull","War Paint","Singing Bowl","Akabeko","Incense Burner","Dream Catcher","Coffee Dripper","Nilry\u0027s Codex","Toy Ornithopter","Bottled Tornado","Old Coin","Happy Flower","Pear","TheAbacus","Black Star","Bag of Preparation","Eternal Feather","Oddly Smooth Stone","Regal Pillow"],"potions_floor_usage":[24,25,25,33,50,50],"damage_taken":[{"damage":6.0,"enemies":"2 Louse","floor":1.0,"turns":4.0},{"damage":7.0,"enemies":"Jaw Worm","floor":3.0,"turns":3.0},{"damage":0.0,"enemies":"Small Slimes","floor":4.0,"turns":3.0},{"damage":4.0,"enemies":"2 Fungi Beasts","floor":5.0,"turns":4.0},{"damage":7.0,"enemies":"Gremlin Gang","floor":6.0,"turns":4.0},{"damage":36.0,"enemies":"Lagavulin","floor":7.0,"turns":11.0},{"damage":13.0,"enemies":"Exordium Thugs","floor":8.0,"turns":6.0},{"damage":7.0,"enemies":"3 Sentries","floor":10.0,"turns":4.0},{"damage":0.0,"enemies":"2 Fungi Beasts","floor":11.0,"turns":3.0},{"damage":1.0,"enemies":"Blue Slaver","floor":13.0,"turns":5.0},{"damage":35.0,"enemies":"Gremlin Nob","floor":14.0,"turns":6.0},{"damage":0.0,"enemies":"Slime Boss","floor":16.0,"turns":8.0},{"damage":13.0,"enemies":"Spheric Guardian","floor":18.0,"turns":4.0},{"damage":6.0,"enemies":"2 Thieves","floor":19.0,"turns":4.0},{"damage":0.0,"enemies":"3 Cultists","floor":20.0,"turns":2.0},{"damage":4.0,"enemies":"Centurion and Healer","floor":21.0,"turns":5.0},{"damage":34,"enemies":"Cultist and Chosen","floor":24,"turns":5},{"damage":0,"enemies":"Book of Stabbing","floor":25,"turns":5},{"damage":21,"enemies":"Slavers","floor":28,"turns":5},{"damage":11,"enemies":"Collector","floor":33,"turns":8},{"damage":6,"enemies":"3 Shapes","floor":35,"turns":5},{"damage":6,"enemies":"Orb Walker","floor":36,"turns":3},{"damage":21,"enemies":"Jaw Worm Horde","floor":39,"turns":4},{"damage":0,"enemies":"Sphere and 2 Shapes","floor":41,"turns":4},{"damage":0,"enemies":"Spire Growth","floor":44,"turns":3},{"damage":6,"enemies":"Reptomancer","floor":47,"turns":5},{"damage":22,"enemies":"Transient","floor":48,"turns":5},{"damage":36,"enemies":"Awakened One","floor":50,"turns":9}],"seed_played":"-4345219559745379631","potions_obtained":[{"floor":1.0,"key":"Block Potion"},{"floor":3.0,"key":"FearPotion"},{"floor":7.0,"key":"AttackPotion"},{"floor":10.0,"key":"Dexterity Potion"},{"floor":11.0,"key":"CultistPotion"},{"floor":18.0,"key":"Fire Potion"},{"floor":20.0,"key":"Weak Potion"},{"floor":24,"key":"Dexterity Potion"},{"floor":28,"key":"Dexterity Potion"}],"is_trial":false,"path_per_floor":["M","$","M","M","M","M","E","M","T","E","M","?","M","E","R","B",null,"M","M","M","M","?","R","M","E","T","R","E","R","?","$","R","B",null,"M","M","?","$","M","R","M","?","T","M","T","?","E","M","R","B",null],"character_chosen":"IRONCLAD","items_purchased":["Red Skull","Happy Flower","Pear","SkillPotion","TheAbacus","HeartOfIron"],"campfire_rested":0,"item_purchase_floors":[2,31,31,31,31,38],"current_hp_per_floor":[68,68,67,73,75,74,44,37,37,36,44,44,51,24,24,30,68,61,63,69,73,52,52,26,34,34,34,21,21,21,31,31,31,84,84,84,76,76,61,61,69,69,69,77,77,77,77,76,91,83],"gold":119,"neow_bonus":"TWO_FIFTY_GOLD","is_prod":false,"is_daily":false,"chose_seed":false,"campfire_upgraded":7,"win_rate":0,"timestamp":1629838419,"path_taken":["M","$","M","M","M","M","E","M","T","E","M","?","M","E","R","BOSS","M","M","M","M","?","R","M","E","T","R","E","R","?","$","R","BOSS","M","M","?","$","M","R","M","?","T","?","?","?","E","M","R","BOSS"],"build_version":"2020-12-22","purchased_purges":3,"victory":true,"max_hp_per_floor":[75,75,75,75,75,75,75,75,75,75,77,77,79,81,81,81,81,81,83,83,85,85,85,87,89,89,89,91,91,91,101,101,101,101,101,101,103,103,103,103,105,105,105,107,107,107,107,109,109,109],"card_choices":[{"not_picked":["Warcry","Flex"],"picked":"Clothesline","floor":1.0},{"not_picked":["Shrug It Off","Uppercut"],"picked":"Cleave","floor":3.0},{"not_picked":["Searing Blow","Clothesline"],"picked":"Metallicize","floor":4.0},{"not_picked":["Pummel","Dropkick"],"picked":"Iron Wave","floor":5.0},{"not_picked":["Twin Strike","Thunderclap"],"picked":"Ghostly Armor","floor":6.0},{"not_picked":["Clash","Intimidate"],"picked":"Shrug It Off","floor":7.0},{"not_picked":["Shrug It Off","Headbutt"],"picked":"Corruption","floor":8.0},{"not_picked":["Clash","Dual Wield"],"picked":"Whirlwind","floor":10.0},{"not_picked":["Entrench","Iron Wave","Thunderclap"],"picked":"Singing Bowl","floor":11.0},{"not_picked":["Dark Embrace","Body Slam","Headbutt"],"picked":"Singing Bowl","floor":13.0},{"not_picked":["Havoc","Dark Embrace","Juggernaut"],"picked":"Singing Bowl","floor":14.0},{"not_picked":["Bludgeon","Berserk"],"picked":"Juggernaut","floor":16.0},{"not_picked":["Flex","Armaments"],"picked":"Anger+1","floor":18.0},{"not_picked":["Clothesline","Anger","Entrench"],"picked":"Singing Bowl","floor":19.0},{"not_picked":["Headbutt","Pummel"],"picked":"Shrug It Off","floor":20.0},{"not_picked":["Berserk","Wild Strike","Anger"],"picked":"Singing Bowl","floor":21.0},{"not_picked":["Havoc","Seeing Red","Clash"],"picked":"Singing Bowl","floor":24},{"not_picked":["Perfected Strike","True Grit","Sword Boomerang"],"picked":"Singing Bowl","floor":25},{"not_picked":["Body Slam","Cleave","Twin Strike"],"picked":"Singing Bowl","floor":28},{"not_picked":["Fiend Fire","Feed"],"picked":"Offering","floor":33},{"not_picked":["Dropkick+1","Body Slam"],"picked":"Shrug It Off+1","floor":35},{"not_picked":["Twin Strike","Brutality"],"picked":"Spot Weakness","floor":36},{"not_picked":["Swift Strike","Deep Breath","Transmutation"],"picked":"Singing Bowl","floor":37},{"not_picked":["Flash of Steel","Master of Strategy"],"picked":"Apotheosis","floor":37},{"not_picked":["Impatience","Thinking Ahead"],"picked":"Panacea","floor":37},{"not_picked":["Sentinel+1","Clothesline+1"],"picked":"Shrug It Off+1","floor":39},{"not_picked":["Dropkick+1","Headbutt","Clash"],"picked":"Singing Bowl","floor":41},{"not_picked":["Havoc+1","Pummel","Whirlwind+1"],"picked":"Singing Bowl","floor":44},{"not_picked":["Havoc","Iron Wave+1"],"picked":"Reaper","floor":47},{"not_picked":["Intimidate","Anger","Power Through"],"picked":"Singing Bowl","floor":48}],"player_experience":4926745,"relics_obtained":[{"floor":7.0,"key":"War Paint"},{"floor":9.0,"key":"Singing Bowl"},{"floor":10.0,"key":"Akabeko"},{"floor":14.0,"key":"Dream Catcher"},{"floor":22.0,"key":"Nilry\u0027s Codex"},{"floor":25,"key":"Toy Ornithopter"},{"floor":26,"key":"Bottled Tornado"},{"floor":28,"key":"Old Coin"},{"floor":43,"key":"Bag of Preparation"},{"floor":45,"key":"Eternal Feather"},{"floor":47,"key":"Oddly Smooth Stone"},{"floor":47,"key":"Regal Pillow"}],"event_choices":[{"damage_healed":0.0,"max_hp_gain":0.0,"max_hp_loss":0.0,"gold_gain":0.0,"event_name":"Dead Adventurer","player_choice":"Searched \u00271\u0027 times","floor":12.0,"gold_loss":0.0,"damage_taken":0.0,"relics_obtained":["Incense Burner"]},{"damage_healed":0.0,"max_hp_gain":0.0,"max_hp_loss":0.0,"gold_gain":0.0,"event_name":"Cursed Tome","player_choice":"Obtained Book","floor":22.0,"gold_loss":0.0,"damage_taken":21.0},{"cards_removed":["Strike_R"],"damage_healed":0,"gold_gain":0,"player_choice":"Gave Gold","damage_taken":0,"max_hp_gain":0,"max_hp_loss":0,"event_name":"Beggar","floor":30,"gold_loss":75},{"damage_healed":0,"gold_gain":0,"player_choice":"Memory 3","damage_taken":10,"max_hp_gain":0,"max_hp_loss":0,"event_name":"SensoryStone","floor":37,"gold_loss":0},{"damage_healed":0,"gold_gain":0,"player_choice":"Ignored","damage_taken":0,"max_hp_gain":0,"max_hp_loss":0,"event_name":"WeMeetAgain","floor":42,"gold_loss":0},{"cards_removed":["Defend_R"],"damage_healed":0,"gold_gain":0,"player_choice":"Removed Skill","damage_taken":0,"max_hp_gain":0,"max_hp_loss":0,"event_name":"Falling","floor":46,"gold_loss":0}],"is_beta":false,"boss_relics":[{"not_picked":["SacredBark","Fusion Hammer"],"picked":"Coffee Dripper"},{"not_picked":["Empty Cage","Runic Cube"],"picked":"Black Star"}],"items_purged_floors":[2,31,38],"is_endless":false,"potions_floor_spawned":[1,3,7,10,11,14,18,20,24,28,39,41,44],"ascension_level":15}