{"gold_per_floor":[110,128,78,98,46,71,71,82,106,106,148,169,206,206,206,289,289,313,238,238,262,19,46,46,46,46,46,55,55,67,102,102,188,188,212,222,222,222,239,239,277,277,348,358,358,62,26,61,61,61],"floor_reached":51,"playtime":1870,"items_purged":["Strike_R","Strike_R","Strike_R"],"score":1610,"play_id":"5b5d8c50-80bc-4fa8-afb3-dd0704f32479","local_time":"20210824201338","is_ascension_mode":true,"campfire_choices":[{"data":"Bash","floor":7.0,"key":"SMITH"},{"data":"Clothesline","floor":10.0,"key":"SMITH"},{"data":"Disarm","floor":15.0,"key":"SMITH"},{"data":"Armaments","floor":24,"key":"SMITH"},{"data":"Limit Break","floor":29,"key":"SMITH"},{"data":"Shockwave","floor":32,"key":"SMITH"},{"data":"Whirlwind","floor":40,"key":"SMITH"},{"data":"Flame Barrier","floor":42,"key":"SMITH"},{"data":"Feel No Pain","floor":45,"key":"SMITH"},{"data":"Flex","floor":49,"key":"SMITH"}],"neow_cost":"NONE","seed_source_timestamp":42529942576800,"circlet_count":0,"master_deck":["AscendersBane","Strike_R","Defend_R","Defend_R","Defend_R","Bash+1","Battle Trance","Headbutt","Twin Strike+1","Clothesline+1","Anger","Pommel Strike","Rampage","Disarm+1","Impervious","Limit Break+1","Armaments+1","Shockwave+1","Feel No Pain+1","Whirlwind+1","Fiend Fire+1","Intimidate+1","Flame Barrier+1","Flex+1","Shrug It Off","Metallicize"],"special_seed":0,"relics":["Burning Blood","Happy Flower","Orichalcum","CeramicFish","Bag of Preparation","Sozu","Vajra","Blood Vial","Darkstone Periapt","Magic Flower","Incense Burner","Runic Pyramid","Whetstone","Mercury Hourglass","Oddly Smooth Stone","Toxic Egg 2"],"potions_floor_usage":[31,50],"damage_taken":[{"damage":11.0,"enemies":"Jaw Worm","floor":1.0,"turns":4.0},{"damage":4.0,"enemies":"Small Slimes","floor":2.0,"turns":5.0},{"damage":6.0,"enemies":"Cultist","floor":4.0,"turns":3.0},{"damage":20.0,"enemies":"3 Sentries","floor":6.0,"turns":8.0},{"damage":24.0,"enemies":"Exordium Wildlife","floor":8.0,"turns":5.0},{"damage":14.0,"enemies":"Lagavulin","floor":11.0,"turns":5.0},{"damage":1.0,"enemies":"3 Louse","floor":12.0,"turns":3.0},{"damage":26.0,"enemies":"3 Sentries","floor":13.0,"turns":8.0},{"damage":0.0,"enemies":"Hexaghost","floor":16.0,"turns":9.0},{"damage":8,"enemies":"Shell Parasite","floor":18,"turns":5},{"damage":3,"enemies":"Chosen","floor":21,"turns":4},{"damage":13,"enemies":"Book of Stabbing","floor":23,"turns":5},{"damage":3,"enemies":"Snecko","floor":30,"turns":4},{"damage":15,"enemies":"Gremlin Leader","floor":31,"turns":5},{"damage":20,"enemies":"Champ","floor":33,"turns":8},{"damage":40,"enemies":"3 Darklings","floor":35,"turns":5},{"damage":2,"enemies":"Orb Walker","floor":36,"turns":3},{"damage":2,"enemies":"Jaw Worm Horde","floor":39,"turns":4},{"damage":32,"enemies":"Reptomancer","floor":41,"turns":6},{"damage":0,"enemies":"4 Shapes","floor":44,"turns":5},{"damage":1,"enemies":"Giant Head","floor":48,"turns":7},{"damage":0,"enemies":"Awakened One","floor":50,"turns":10}],"seed_played":"-2423993737626973687","potions_obtained":[{"floor":2.0,"key":"Energy Potion"},{"floor":12.0,"key":"Ancient Potion"},{"floor":16.0,"key":"EssenceOfSteel"}],"is_trial":false,"path_per_floor":["M","M","$","M","$","E","R","M","T","R","E","M","E","?","R","B",null,"M","$","?","M","$","E","R","$","T","T","?","R","M","E","R","B",null,"M","M","?","?","M","R","E","R","T","M","R","$","$","E","R","B",null],"character_chosen":"IRONCLAD","items_purchased":["SteroidPotion","Clothesline","Vajra","Flex","Oddly Smooth Stone","Shrug It Off"],"campfire_rested":0,"item_purchase_floors":[3,5,22,46,46,47],"current_hp_per_floor":[70,72,72,72,72,58,58,40,40,40,32,37,17,17,17,23,67,65,65,65,68,68,61,61,61,61,61,61,61,70,67,67,59,76,48,58,58,58,68,68,48,48,48,60,60,60,60,71,71,78],"gold":61,"neow_bonus":"TEN_PERCENT_HP_BONUS","is_prod":false,"is_daily":false,"chose_seed":false,"campfire_upgraded":10,"win_rate":0,"timestamp":1629861218,"path_taken":["M","M","$","M","$","E","R","M","T","R","E","M","E","?","R","BOSS","M","$","?","M","?","E","R","$","T","?","?","R","M","E","R","BOSS","M","M","?","?","M","R","E","R","T","M","R","?","$","E","R","BOSS"],"build_version":"2020-12-22","purchased_purges":3,"victory":true,"max_hp_per_floor":[82,82,82,82,82,82,82,82,82,82,82,82,82,82,82,82,82,82,82,82,82,82,82,82,82,82,82,82,82,82,82,82,82,82,82,82,78,78,78,78,78,78,78,78,78,78,78,78,78,78],"card_choices":[{"not_picked":["Shrug It Off","Perfected Strike"],"picked":"Battle Trance","floor":1.0},{"not_picked":["Perfected Strike","Flex"],"picked":"Headbutt","floor":2.0},{"not_picked":["Flex","Sword Boomerang"],"picked":"Twin Strike","floor":4.0},{"not_picked":["Armaments","Clothesline"],"picked":"Anger","floor":6.0},{"not_picked":["Flex","Battle Trance"],"picked":"Pommel Strike","floor":8.0},{"not_picked":["Flex","Perfected Strike"],"picked":"Rampage","floor":11.0},{"not_picked":["Cleave","Havoc"],"picked":"Disarm","floor":12.0},{"not_picked":["Juggernaut","Carnage"],"picked":"Impervious","floor":13.0},{"not_picked":["Berserk","Juggernaut"],"picked":"Limit Break","floor":16.0},{"not_picked":["Dual Wield","Clothesline"],"picked":"Armaments","floor":18},{"not_picked":["Twin Strike","Warcry"],"picked":"Shockwave","floor":21},{"not_picked":["Searing Blow","Juggernaut","Cleave"],"picked":"SKIP","floor":23},{"not_picked":["Heavy Blade","Perfected Strike+1","Clothesline"],"picked":"SKIP","floor":30},{"not_picked":["Headbutt","Whirlwind","Shrug It Off"],"picked":"SKIP","floor":31},{"not_picked":["Headbutt","Shrug It Off"],"picked":"Whirlwind","floor":31},{"not_picked":["Berserk","Limit Break"],"picked":"Fiend Fire","floor":33},{"not_picked":["Clash","Thunderclap+1"],"picked":"Intimidate+1","floor":35},{"not_picked":["Flex","Dark Embrace","Warcry"],"picked":"SKIP","floor":36},{"not_picked":["Pommel Strike+1","Sword Boomerang","Wild Strike"],"picked":"SKIP","floor":39},{"not_picked":["Intimidate","Feel No Pain+1"],"picked":"Flame Barrier","floor":41},{"not_picked":["Battle Trance","Pommel Strike","Iron Wave"],"picked":"SKIP","floor":44},{"not_picked":["Body Slam+1","Fire Breathing"],"picked":"Metallicize","floor":48}],"player_experience":4928618,"relics_obtained":[{"floor":6.0,"key":"Happy Flower"},{"floor":9.0,"key":"Orichalcum"},{"floor":11.0,"key":"CeramicFish"},{"floor":13.0,"key":"Bag of Preparation"},{"floor":23,"key":"Blood Vial"},{"floor":26,"key":"Darkstone Periapt"},{"floor":27,"key":"Magic Flower"},{"floor":31,"key":"Incense Burner"},{"floor":41,"key":"Whetstone"},{"floor":43,"key":"Mercury Hourglass"},{"floor":48,"key":"Toxic Egg 2"}],"event_choices":[{"damage_healed":0.0,"max_hp_gain":0.0,"max_hp_loss":0.0,"gold_gain":0.0,"event_name":"Shining Light","player_choice":"Ignored","floor":14.0,"gold_loss":0.0,"damage_taken":0.0},{"cards_removed":["Strike_R"],"damage_healed":0,"gold_gain":0,"player_choice":"Purged","damage_taken":0,"max_hp_gain":0,"max_hp_loss":0,"event_name":"Purifier","floor":20,"gold_loss":0},{"damage_healed":0,"gold_gain":0,"player_choice":"1 cards matched","damage_taken":0,"max_hp_gain":0,"max_hp_loss":0,"event_name":"Match and Keep!","floor":28,"gold_loss":0,"cards_obtained":["Feel No Pain"]},{"damage_healed":0,"gold_gain":0,"player_choice":"Max HP","damage_taken":0,"max_hp_gain":0,"max_hp_loss":4,"event_name":"Winding Halls","floor":37,"gold_loss":0},{"cards_removed":["Defend_R"],"damage_healed":0,"gold_gain":0,"player_choice":"Removed Skill","damage_taken":0,"max_hp_gain":0,"max_hp_loss":0,"event_name":"Falling","floor":38,"gold_loss":0}],"is_beta":false,"boss_relics":[{"not_picked":["Pandora\u0027s Box","Empty Cage"],"picked":"Sozu"},{"not_picked":["Snecko Eye","Runic Dome"],"picked":"Runic Pyramid"}],"items_purged_floors":[19,22,46],"is_endless":false,"potions_floor_spawned":[2,12,16,31,33,35,36],"ascension_level":15}