{"gold_per_floor":[113,125,139,139,152,178,30,30,30,30,30,43,61,91,91,165,165,183,57,72,84,5,40,40,73,73,73,73,93,124,24,24,98,98,114,133,133,147,172,172,191,66,92,92,120,69,79,79,79,79],"floor_reached":51,"playtime":1741,"items_purged":["Strike_R","Pain","Strike_R"],"score":1310,"play_id":"7564848a-4ea5-4694-b860-76847f615cc9","local_time":"20210821232527","is_ascension_mode":true,"campfire_choices":[{"data":"Blood for Blood","floor":8.0,"key":"SMITH"},{"data":"Cleave","floor":11.0,"key":"SMITH"},{"data":"Flame Barrier","floor":15.0,"key":"SMITH"},{"data":"Battle Trance","floor":24,"key":"SMITH"},{"floor":27,"key":"REST"},{"data":"Impervious","floor":32,"key":"SMITH"},{"data":"Reaper","floor":40,"key":"SMITH"},{"data":"Defend_R","floor":44,"key":"SMITH"},{"data":"True Grit","floor":49,"key":"SMITH"}],"neow_cost":"NONE","seed_source_timestamp":53416389101300,"circlet_count":0,"master_deck":["AscendersBane","Strike_R","Strike_R","Strike_R+1","Defend_R","Defend_R","Defend_R+1","Defend_R","Bash+1","Blood for Blood+1","Twin Strike+1","Rupture","Cleave+1","Reaper+1","Flame Barrier+1","Feel No Pain+1","Inflame+1","Impervious+1","Metallicize+1","Battle Trance+1","Anger+1","Limit Break+1","Pommel Strike+1","Inflame+1","Heavy Blade+1","Parasite","Offering","Shrug It Off","True Grit+1"],"special_seed":0,"relics":["Burning Blood","Frozen Egg 2","Incense Burner","Calipers","Matryoshka","Cursed Key","Meat on the Bone","PreservedInsect","StrikeDummy","Kunai","Pen Nib","Coffee Dripper","Charon\u0027s Ashes","Pear","Whetstone","HornCleat"],"potions_floor_usage":[25,30,50,50],"damage_taken":[{"damage":11.0,"enemies":"Cultist","floor":1.0,"turns":4.0},{"damage":14.0,"enemies":"Jaw Worm","floor":2.0,"turns":4.0},{"damage":0.0,"enemies":"Small Slimes","floor":3.0,"turns":3.0},{"damage":17.0,"enemies":"Red Slaver","floor":5.0,"turns":4.0},{"damage":25.0,"enemies":"3 Sentries","floor":6.0,"turns":7.0},{"damage":1.0,"enemies":"2 Fungi Beasts","floor":12.0,"turns":3.0},{"damage":6.0,"enemies":"Gremlin Gang","floor":13.0,"turns":2.0},{"damage":35.0,"enemies":"Lagavulin","floor":14.0,"turns":8.0},{"damage":25.0,"enemies":"The Guardian","floor":16.0,"turns":11.0},{"damage":9.0,"enemies":"Spheric Guardian","floor":18.0,"turns":5.0},{"damage":6.0,"enemies":"Chosen","floor":20.0,"turns":5.0},{"damage":12.0,"enemies":"Snake Plant","floor":21.0,"turns":5.0},{"damage":53,"enemies":"Book of Stabbing","floor":23,"turns":6},{"damage":50,"enemies":"Slavers","floor":25,"turns":7},{"damage":19,"enemies":"Shelled Parasite and Fungi","floor":29,"turns":3},{"damage":8,"enemies":"Gremlin Leader","floor":30,"turns":6},{"damage":39,"enemies":"Collector","floor":33,"turns":9},{"damage":0,"enemies":"Orb Walker","floor":35,"turns":3},{"damage":24,"enemies":"3 Darklings","floor":36,"turns":8},{"damage":28,"enemies":"Jaw Worm Horde","floor":38,"turns":7},{"damage":0,"enemies":"Mind Bloom Boss Battle","floor":39,"turns":7},{"damage":0,"enemies":"Sphere and 2 Shapes","floor":41,"turns":2},{"damage":18,"enemies":"Giant Head","floor":45,"turns":5},{"damage":6,"enemies":"Maw","floor":47,"turns":5},{"damage":11,"enemies":"Awakened One","floor":50,"turns":8}],"seed_played":"-1123182779544367523","potions_obtained":[{"floor":3.0,"key":"Fire Potion"},{"floor":12.0,"key":"Explosive Potion"},{"floor":14.0,"key":"DistilledChaos"},{"floor":16.0,"key":"ElixirPotion"},{"floor":21.0,"key":"GamblersBrew"},{"floor":33,"key":"Dexterity Potion"},{"floor":35,"key":"Swift Potion"}],"is_trial":false,"path_per_floor":["M","M","M","?","M","E","?","R","T","$","R","M","M","E","R","B",null,"M","$","M","M","$","E","R","E","T","R","?","M","E","$","R","B",null,"M","M","?","M","?","R","M","$","T","R","E","$","M","$","R","B",null],"character_chosen":"IRONCLAD","items_purchased":["BloodPotion","Battle Trance","Shrug It Off"],"campfire_rested":1,"item_purchase_floors":[19,22,46],"current_hp_per_floor":[63,55,61,61,50,31,31,31,31,31,31,44,60,35,35,23,62,59,59,66,65,65,28,28,35,35,57,57,51,70,70,70,44,67,73,57,57,46,75,75,75,75,85,85,73,73,85,85,85,85],"gold":79,"neow_bonus":"UPGRADE_CARD","is_prod":false,"is_daily":false,"chose_seed":false,"campfire_upgraded":8,"win_rate":0,"timestamp":1629613527,"path_taken":["M","?","M","?","M","E","?","R","T","$","R","M","M","E","R","BOSS","M","$","M","M","$","E","R","E","T","R","?","M","E","$","R","BOSS","M","M","?","?","?","R","M","$","T","R","E","$","M","?","R","BOSS"],"build_version":"2020-12-22","purchased_purges":3,"victory":true,"max_hp_per_floor":[75,75,75,75,75,75,75,75,75,75,75,75,75,75,75,75,75,75,75,75,75,75,75,75,75,75,75,75,75,75,75,75,75,75,75,75,75,75,75,75,75,75,85,85,85,85,85,85,85,85],"card_choices":[{"not_picked":["Perfected Strike","Entrench"],"picked":"Blood for Blood","floor":1.0},{"not_picked":["Armaments","Flex"],"picked":"Twin Strike","floor":2.0},{"not_picked":["Power Through","Seeing Red"],"picked":"Rupture","floor":3.0},{"not_picked":["Perfected Strike","Intimidate"],"picked":"Cleave","floor":5.0},{"not_picked":["Headbutt","Seeing Red"],"picked":"Reaper","floor":6.0},{"not_picked":["Twin Strike","Heavy Blade"],"picked":"Flame Barrier","floor":12.0},{"not_picked":["Flex","Sever Soul"],"picked":"Feel No Pain+1","floor":13.0},{"not_picked":["Sword Boomerang","Reckless Charge"],"picked":"Inflame+1","floor":14.0},{"not_picked":["Immolate","Bludgeon"],"picked":"Impervious","floor":16.0},{"not_picked":["Armaments","Flex"],"picked":"Metallicize+1","floor":18.0},{"not_picked":["Armaments","Entrench","Carnage"],"picked":"SKIP","floor":20.0},{"not_picked":["Sword Boomerang","Pommel Strike","Iron Wave"],"picked":"SKIP","floor":21.0},{"not_picked":["Rage","Bloodletting","Wild Strike"],"picked":"SKIP","floor":23},{"not_picked":["Sword Boomerang","Thunderclap"],"picked":"Anger+1","floor":25},{"not_picked":["Body Slam","Clash","Bludgeon"],"picked":"SKIP","floor":29},{"not_picked":["Twin Strike","Havoc","Carnage"],"picked":"SKIP","floor":30},{"not_picked":["Juggernaut+1","Berserk+1"],"picked":"Limit Break","floor":33},{"not_picked":["Armaments","Havoc+1","Dual Wield"],"picked":"SKIP","floor":35},{"not_picked":["Clothesline","Entrench"],"picked":"Pommel Strike+1","floor":36},{"not_picked":["Thunderclap","Reckless Charge+1"],"picked":"Inflame+1","floor":38},{"not_picked":["Reckless Charge+1","Hemokinesis"],"picked":"Heavy Blade+1","floor":39},{"not_picked":["Sword Boomerang","Rampage","Feel No Pain+1"],"picked":"SKIP","floor":41},{"not_picked":["Havoc","Cleave+1"],"picked":"Offering","floor":45},{"not_picked":["Seeing Red","Warcry"],"picked":"True Grit","floor":47}],"player_experience":4925004,"relics_obtained":[{"floor":6.0,"key":"Frozen Egg 2"},{"floor":9.0,"key":"Calipers"},{"floor":14.0,"key":"Matryoshka"},{"floor":23,"key":"Meat on the Bone"},{"floor":25,"key":"PreservedInsect"},{"floor":26,"key":"StrikeDummy"},{"floor":26,"key":"Kunai"},{"floor":30,"key":"Pen Nib"},{"floor":39,"key":"Charon\u0027s Ashes"},{"floor":43,"key":"Pear"},{"floor":43,"key":"Whetstone"},{"floor":45,"key":"HornCleat"}],"event_choices":[{"damage_healed":0.0,"max_hp_gain":0.0,"max_hp_loss":0.0,"gold_gain":0.0,"event_name":"Shining Light","player_choice":"Ignored","floor":4.0,"gold_loss":0.0,"damage_taken":0.0},{"damage_healed":0.0,"max_hp_gain":0.0,"max_hp_loss":0.0,"gold_gain":0.0,"event_name":"WeMeetAgain","player_choice":"Paid Gold","floor":7.0,"gold_loss":148.0,"damage_taken":0.0,"relics_obtained":["Incense Burner"]},{"damage_healed":0,"gold_gain":0,"player_choice":"Ignored","damage_taken":0,"max_hp_gain":0,"max_hp_loss":0,"event_name":"Vampires","floor":28,"gold_loss":0},{"damage_healed":0,"gold_gain":0,"player_choice":"Upgraded","damage_taken":0,"max_hp_gain":0,"max_hp_loss":0,"event_name":"Upgrade Shrine","floor":37,"gold_loss":0,"cards_upgraded":["Limit Break"]},{"damage_healed":0,"gold_gain":0,"player_choice":"Fight","damage_taken":0,"max_hp_gain":0,"max_hp_loss":0,"event_name":"MindBloom","floor":39,"gold_loss":0}],"is_beta":false,"boss_relics":[{"not_picked":["Tiny House","Busted Crown"],"picked":"Cursed Key"},{"not_picked":["Runic Pyramid","SlaversCollar"],"picked":"Coffee Dripper"}],"items_purged_floors":[19,31,42],"is_endless":false,"potions_floor_spawned":[3,12,14,16,21,23,33,35,38,45],"ascension_level":15}