{"gold_per_floor":[117,117,134,152,152,152,166,166,166,166,197,197,236,252,252,343,343,364,403,426,444,444,488,506,280,303,324,18,18,38,76,76,172,172,197,220,120,141,155,155,191,191,191,191,216,234,109,153,153,153],"floor_reached":51,"playtime":1733,"items_purged":["Strike_R","Strike_R","Anger"],"score":1335,"play_id":"d65f6e2e-aaae-4de0-a31f-4ff48f250d5f","local_time":"20211022201150","is_ascension_mode":true,"campfire_choices":[{"data":"Bash","floor":6.0,"key":"SMITH"},{"data":"Carnage","floor":8.0,"key":"SMITH"},{"data":"Inflame","floor":12.0,"key":"SMITH"},{"data":"True Grit","floor":15.0,"key":"SMITH"},{"data":"Uppercut","floor":29.0,"key":"SMITH"},{"data":"Flame Barrier","floor":32.0,"key":"SMITH"},{"data":"Shockwave","floor":40.0,"key":"SMITH"},{"data":"Impervious","floor":44.0,"key":"SMITH"},{"data":"Second Wind","floor":49,"key":"SMITH"}],"neow_cost":"NONE","seed_source_timestamp":43242545809100,"circlet_count":0,"master_deck":["AscendersBane","Strike_R","Strike_R","Defend_R","Defend_R","Defend_R","Defend_R","Bash+1","Heavy Blade","Carnage+1","Disarm","Inflame+1","True Grit+1","Immolate+1","Shrug It Off+1","Flame Barrier+1","Exhume","Uppercut+1","Shockwave+1","Power Through","Impervious+1","Shrug It Off+1","Armaments+1","Master of Strategy","Spot Weakness","Second Wind+1"],"special_seed":0,"relics":["Burning Blood","Golden Idol","Gremlin Horn","Bag of Preparation","Singing Bowl","Snecko Eye","Red Mask","White Beast Statue","TheAbacus","Vajra","Dead Branch","InkBottle","Runic Dome","Boot","Bottled Tornado","Torii"],"potions_floor_usage":[45,50,50,50,50],"damage_taken":[{"damage":11.0,"enemies":"Jaw Worm","floor":1.0,"turns":4.0},{"damage":4.0,"enemies":"2 Louse","floor":3.0,"turns":6.0},{"damage":0.0,"enemies":"Small Slimes","floor":4.0,"turns":3.0},{"damage":20.0,"enemies":"Gremlin Gang","floor":7.0,"turns":6.0},{"damage":21.0,"enemies":"Lagavulin","floor":11.0,"turns":5.0},{"damage":16.0,"enemies":"Gremlin Nob","floor":13.0,"turns":3.0},{"damage":2.0,"enemies":"Blue Slaver","floor":14.0,"turns":3.0},{"damage":30.0,"enemies":"Slime Boss","floor":16.0,"turns":7.0},{"damage":1.0,"enemies":"2 Thieves","floor":18.0,"turns":2.0},{"damage":0.0,"enemies":"Masked Bandits","floor":19.0,"turns":2.0},{"damage":0.0,"enemies":"Spheric Guardian","floor":20.0,"turns":3.0},{"damage":15.0,"enemies":"Chosen and Byrds","floor":21.0,"turns":4.0},{"damage":24.0,"enemies":"Slavers","floor":23.0,"turns":3.0},{"damage":13.0,"enemies":"Cultist and Chosen","floor":24.0,"turns":5.0},{"damage":13.0,"enemies":"Centurion and Healer","floor":27.0,"turns":4.0},{"damage":0.0,"enemies":"Chosen and Byrds","floor":30.0,"turns":2.0},{"damage":0.0,"enemies":"Gremlin Leader","floor":31.0,"turns":2.0},{"damage":15.0,"enemies":"Collector","floor":33.0,"turns":6.0},{"damage":0.0,"enemies":"3 Shapes","floor":35.0,"turns":2.0},{"damage":0.0,"enemies":"3 Darklings","floor":36.0,"turns":2.0},{"damage":11.0,"enemies":"Writhing Mass","floor":38.0,"turns":5.0},{"damage":9.0,"enemies":"Sphere and 2 Shapes","floor":39.0,"turns":5.0},{"damage":2.0,"enemies":"Reptomancer","floor":41.0,"turns":4.0},{"damage":0,"enemies":"Maw","floor":45,"turns":8},{"damage":4,"enemies":"Writhing Mass","floor":46,"turns":2},{"damage":22,"enemies":"Nemesis","floor":48,"turns":7},{"damage":7,"enemies":"Donu and Deca","floor":50,"turns":6}],"seed_played":"-3411284150153965053","potions_obtained":[{"floor":0.0,"key":"Strength Potion"},{"floor":0.0,"key":"SneckoOil"},{"floor":1.0,"key":"Regen Potion"},{"floor":11.0,"key":"EntropicBrew"},{"floor":13.0,"key":"Fruit Juice"},{"floor":21.0,"key":"ColorlessPotion"},{"floor":23.0,"key":"ElixirPotion"},{"floor":24.0,"key":"ColorlessPotion"},{"floor":27.0,"key":"Explosive Potion"},{"floor":30.0,"key":"CultistPotion"},{"floor":33.0,"key":"Dexterity Potion"},{"floor":35.0,"key":"PowerPotion"},{"floor":45,"key":"DuplicationPotion"}],"is_trial":false,"path_per_floor":["M","?","M","M","?","R","M","R","T","?","E","R","E","M","R","B",null,"M","?","M","M","?","E","M","$","T","M","$","R","M","E","R","B",null,"M","M","$","M","M","R","E","?","T","R","M","M","$","E","R","B",null],"character_chosen":"IRONCLAD","items_purchased":["TheAbacus","Dead Branch"],"campfire_rested":0,"item_purchase_floors":[25,28],"current_hp_per_floor":[63,56,73,75,68,68,54,54,54,54,39,39,31,35,35,11,55,62,68,74,70,70,52,45,45,45,40,40,40,46,52,52,43,72,80,83,83,80,79,79,83,77,77,77,83,87,87,71,71,70],"gold":153,"neow_bonus":"THREE_SMALL_POTIONS","is_prod":false,"is_daily":false,"chose_seed":false,"campfire_upgraded":9,"win_rate":0,"timestamp":1634958710,"path_taken":["M","?","M","M","?","R","M","R","T","?","E","R","E","M","R","BOSS","M","?","M","M","?","E","M","$","T","?","$","R","M","E","R","BOSS","M","M","$","M","M","R","E","?","T","R","M","M","$","E","R","BOSS"],"build_version":"2020-12-22","purchased_purges":3,"victory":true,"max_hp_per_floor":[75,75,75,75,68,68,68,68,68,68,68,68,70,70,70,70,70,72,72,74,79,79,79,79,79,79,81,81,81,81,81,81,81,81,83,83,83,85,87,87,87,91,91,91,91,93,93,93,93,93],"card_choices":[{"not_picked":["Clash","Perfected Strike"],"picked":"Heavy Blade","floor":1.0},{"not_picked":["Clothesline","Warcry"],"picked":"Anger","floor":3.0},{"not_picked":["Body Slam","Intimidate"],"picked":"Carnage","floor":4.0},{"not_picked":["Pommel Strike","Intimidate"],"picked":"Disarm","floor":7.0},{"not_picked":["Corruption","Sever Soul"],"picked":"Inflame","floor":11.0},{"not_picked":["Flex","Brutality","Ghostly Armor"],"picked":"Singing Bowl","floor":13.0},{"not_picked":["Sentinel","Intimidate"],"picked":"True Grit","floor":14.0},{"not_picked":["Reaper","Fiend Fire"],"picked":"Immolate","floor":16.0},{"not_picked":["Rupture","Twin Strike","Headbutt"],"picked":"Singing Bowl","floor":18.0},{"not_picked":["Heavy Blade+1","Wild Strike"],"picked":"Shrug It Off+1","floor":19.0},{"not_picked":["Body Slam","Searing Blow","Clash"],"picked":"Singing Bowl","floor":20.0},{"not_picked":["Headbutt","Pommel Strike"],"picked":"Flame Barrier","floor":21.0},{"not_picked":["Perfected Strike","Dual Wield"],"picked":"Exhume","floor":23.0},{"not_picked":["Pommel Strike","Iron Wave"],"picked":"Uppercut","floor":24.0},{"not_picked":["Rampage","Fire Breathing","Sword Boomerang"],"picked":"Singing Bowl","floor":27.0},{"not_picked":["Flex","Battle Trance"],"picked":"Shockwave","floor":30.0},{"not_picked":["Cleave","Body Slam"],"picked":"Power Through","floor":31.0},{"not_picked":["Juggernaut","Offering"],"picked":"Impervious","floor":33.0},{"not_picked":["Clothesline","Flex","Shockwave"],"picked":"Singing Bowl","floor":35.0},{"not_picked":["Sword Boomerang","Evolve+1"],"picked":"Shrug It Off+1","floor":36.0},{"not_picked":["Sever Soul","Brutality","Thunderclap"],"picked":"Singing Bowl","floor":38.0},{"not_picked":["Heavy Blade","Thunderclap","Armaments"],"picked":"Singing Bowl","floor":39.0},{"not_picked":["Anger","Searing Blow"],"picked":"Armaments+1","floor":41.0},{"not_picked":["Flash of Steel","Mind Blast","Forethought"],"picked":"Singing Bowl","floor":42.0},{"not_picked":["HandOfGreed","Dramatic Entrance","Purity"],"picked":"Singing Bowl","floor":42.0},{"not_picked":["Trip","Violence"],"picked":"Master of Strategy","floor":42.0},{"not_picked":["Pummel+1","Metallicize"],"picked":"Spot Weakness","floor":45},{"not_picked":["Carnage","Rupture","Shrug It Off"],"picked":"Singing Bowl","floor":46},{"not_picked":["Power Through","Searing Blow"],"picked":"Second Wind","floor":48}],"player_experience":4954127,"relics_obtained":[{"floor":9.0,"key":"Gremlin Horn"},{"floor":11.0,"key":"Bag of Preparation"},{"floor":13.0,"key":"Singing Bowl"},{"floor":19.0,"key":"Red Mask"},{"floor":23.0,"key":"White Beast Statue"},{"floor":26.0,"key":"Vajra"},{"floor":31.0,"key":"InkBottle"},{"floor":41.0,"key":"Boot"},{"floor":43.0,"key":"Bottled Tornado"},{"floor":48,"key":"Torii"}],"event_choices":[{"cards_removed":["Strike_R"],"damage_healed":0.0,"max_hp_gain":0.0,"max_hp_loss":0.0,"gold_gain":0.0,"event_name":"Golden Wing","player_choice":"Card Removal","floor":2.0,"gold_loss":0.0,"damage_taken":7.0},{"damage_healed":0.0,"max_hp_gain":0.0,"max_hp_loss":7.0,"gold_gain":0.0,"event_name":"Golden Idol","player_choice":"Lose Max HP","floor":5.0,"gold_loss":0.0,"damage_taken":0.0,"relics_obtained":["Golden Idol"]},{"damage_healed":0.0,"max_hp_gain":0.0,"max_hp_loss":0.0,"gold_gain":0.0,"event_name":"Liars Game","player_choice":"Ignored","floor":10.0,"gold_loss":0.0,"damage_taken":0.0},{"damage_healed":0.0,"max_hp_gain":0.0,"max_hp_loss":0.0,"gold_gain":0.0,"event_name":"Masked Bandits","player_choice":"Fought Bandits","floor":19.0,"gold_loss":0.0,"damage_taken":0.0},{"damage_healed":0.0,"max_hp_gain":0.0,"max_hp_loss":0.0,"gold_gain":0.0,"event_name":"Upgrade Shrine","player_choice":"Upgraded","floor":22.0,"gold_loss":0.0,"damage_taken":0.0,"cards_upgraded":["Immolate"]},{"damage_healed":0.0,"max_hp_gain":0.0,"max_hp_loss":0.0,"gold_gain":0.0,"event_name":"SensoryStone","player_choice":"Memory 3","floor":42.0,"gold_loss":0.0,"damage_taken":10.0}],"is_beta":false,"boss_relics":[{"not_picked":["Sozu","Velvet Choker"],"picked":"Snecko Eye"},{"not_picked":["Black Blood","Black Star"],"picked":"Runic Dome"}],"items_purged_floors":[25,37,47],"is_endless":false,"potions_floor_spawned":[1,11,13,21,23,24,27,30,31,33,35,36,38,39,41,45,46,48],"ascension_level":15}