{"gold_per_floor":[111,81,93,105,118,118,143,160,160,160,187,187,217,232,232,310,310,330,255,255,269,286,316,241,272,272,300,300,59,59,91,91,165,165,175,175,190,207,225,225,225,253,299,330,341,341,341,372,372,372],"floor_reached":51,"playtime":1799,"items_purged":["Strike_R"],"score":1464,"play_id":"0ae75dcf-b0b2-4b51-b97d-405994fd356c","local_time":"20211019101609","is_ascension_mode":true,"campfire_choices":[{"data":"Bash","floor":10.0,"key":"SMITH"},{"data":"Fiend Fire","floor":12.0,"key":"SMITH"},{"data":"Spot Weakness","floor":15.0,"key":"SMITH"},{"data":"Heavy Blade","floor":28.0,"key":"SMITH"},{"data":"Feel No Pain","floor":30.0,"key":"SMITH"},{"data":"Offering","floor":32.0,"key":"SMITH"},{"data":"Corruption","floor":40.0,"key":"SMITH"},{"floor":46,"key":"REST"},{"data":"Impervious","floor":47,"key":"SMITH"},{"floor":49,"key":"REST"}],"neow_cost":"NONE","seed_source_timestamp":11330066784100,"circlet_count":0,"master_deck":["AscendersBane","Strike_R","Defend_R","Defend_R","Defend_R","Bash+1","Clothesline","Anger","Cleave","Spot Weakness+1","Heavy Blade+1","Feel No Pain+1","Fiend Fire+1","Cleave+1","Battle Trance","Offering+1","Shrug It Off+1","Pommel Strike+1","Iron Wave+1","Pummel+1","Corruption+1","Impervious+1","Spot Weakness+1","True Grit+1","Dual Wield+1","Intimidate+1","Second Wind+1"],"special_seed":0,"relics":["Burning Blood","NeowsBlessing","Meat on the Bone","Centennial Puzzle","Blood Vial","Molten Egg 2","Philosopher\u0027s Stone","Omamori","Singing Bowl","TungstenRod","WingedGreaves","Kunai","Art of War","Black Star","Toxic Egg 2","Nunchaku","Red Skull","Akabeko","StrikeDummy","Frozen Egg 2","Pocketwatch"],"potions_floor_usage":[44,48],"damage_taken":[{"damage":0.0,"enemies":"2 Louse","floor":1.0,"turns":1.0},{"damage":0.0,"enemies":"Cultist","floor":3.0,"turns":1.0},{"damage":0.0,"enemies":"Small Slimes","floor":4.0,"turns":1.0},{"damage":11.0,"enemies":"3 Louse","floor":5.0,"turns":3.0},{"damage":12.0,"enemies":"3 Sentries","floor":7.0,"turns":8.0},{"damage":7.0,"enemies":"Large Slime","floor":8.0,"turns":6.0},{"damage":23.0,"enemies":"Gremlin Nob","floor":11.0,"turns":4.0},{"damage":12.0,"enemies":"Lagavulin","floor":13.0,"turns":5.0},{"damage":11.0,"enemies":"Gremlin Gang","floor":14.0,"turns":2.0},{"damage":20.0,"enemies":"Hexaghost","floor":16.0,"turns":9.0},{"damage":19.0,"enemies":"2 Thieves","floor":18.0,"turns":2.0},{"damage":12.0,"enemies":"Spheric Guardian","floor":21.0,"turns":3.0},{"damage":6.0,"enemies":"Snake Plant","floor":22.0,"turns":1.0},{"damage":18.0,"enemies":"Gremlin Leader","floor":23.0,"turns":5.0},{"damage":19.0,"enemies":"Book of Stabbing","floor":25.0,"turns":3.0},{"damage":18.0,"enemies":"Slavers","floor":27.0,"turns":3.0},{"damage":15.0,"enemies":"Book of Stabbing","floor":31.0,"turns":4.0},{"damage":52.0,"enemies":"Automaton","floor":33.0,"turns":9.0},{"damage":0.0,"enemies":"3 Shapes","floor":35.0,"turns":4.0},{"damage":3.0,"enemies":"Orb Walker","floor":37.0,"turns":3.0},{"damage":13.0,"enemies":"Sphere and 2 Shapes","floor":38.0,"turns":3.0},{"damage":15.0,"enemies":"Transient","floor":39.0,"turns":5.0},{"damage":60.0,"enemies":"Giant Head","floor":42.0,"turns":9.0},{"damage":14,"enemies":"Nemesis","floor":44,"turns":5},{"damage":8,"enemies":"3 Darklings","floor":45,"turns":4},{"damage":36,"enemies":"Reptomancer","floor":48,"turns":3},{"damage":39,"enemies":"Awakened One","floor":50,"turns":9}],"seed_played":"3250265316979973537","potions_obtained":[{"floor":2.0,"key":"HeartOfIron"},{"floor":2.0,"key":"HeartOfIron"},{"floor":8.0,"key":"Block Potion"},{"floor":11.0,"key":"Fire Potion"},{"floor":16.0,"key":"LiquidBronze"},{"floor":25.0,"key":"Weak Potion"},{"floor":27.0,"key":"Weak Potion"},{"floor":33.0,"key":"Fire Potion"},{"floor":37.0,"key":"Fire Potion"},{"floor":42.0,"key":"LiquidBronze"},{"floor":44,"key":"SpeedPotion"}],"is_trial":false,"path_per_floor":["M","?","M","M","M","?","E","M","T","R","E","R","E","M","R","B",null,"M","?","?","M","M","E","$","E","T","E","R","$","R","E","R","B",null,"M","?","M","M","M","R","?","E","T","E","M","R","R","E","R","B",null],"character_chosen":"IRONCLAD","items_purchased":["Kunai"],"campfire_rested":2,"item_purchase_floors":[29],"current_hp_per_floor":[74,74,75,75,70,70,64,63,63,63,46,46,54,51,51,51,69,58,58,58,54,56,46,46,49,49,51,51,51,51,56,56,24,64,74,74,79,74,69,69,69,31,31,37,49,74,74,58,83,52],"gold":372,"neow_bonus":"THREE_ENEMY_KILL","is_prod":false,"is_daily":false,"chose_seed":false,"campfire_upgraded":8,"win_rate":0,"timestamp":1634663769,"path_taken":["M","?","?","?","M","?","E","?","T","R","E","R","E","M","R","BOSS","M","?","?","?","M","E","$","E","T","E","R","$","R","E","R","BOSS","M","?","M","?","M","R","?","E","T","E","M","R","R","E","R","BOSS"],"build_version":"2020-12-22","purchased_purges":1,"victory":true,"max_hp_per_floor":[75,75,75,75,75,75,75,75,75,75,75,75,75,75,75,75,75,75,75,75,75,75,75,75,77,77,77,77,77,77,77,77,77,77,79,79,79,81,83,83,83,85,85,85,85,85,85,85,85,85],"card_choices":[{"not_picked":["Perfected Strike","Ghostly Armor"],"picked":"Clothesline","floor":1.0},{"not_picked":["Wild Strike","Cleave"],"picked":"Anger","floor":3.0},{"not_picked":["Clothesline","Entrench"],"picked":"Cleave","floor":4.0},{"not_picked":["Sever Soul","Anger"],"picked":"Spot Weakness","floor":5.0},{"not_picked":["Wild Strike","Cleave"],"picked":"Heavy Blade","floor":7.0},{"not_picked":["Intimidate","Evolve"],"picked":"Feel No Pain","floor":8.0},{"not_picked":["Shockwave","Wild Strike"],"picked":"Fiend Fire","floor":11.0},{"not_picked":["Armaments","Body Slam+1"],"picked":"Cleave+1","floor":13.0},{"not_picked":["Headbutt+1","Heavy Blade+1"],"picked":"Battle Trance","floor":14.0},{"not_picked":["Impervious","Double Tap"],"picked":"Offering","floor":16.0},{"not_picked":["Armaments","Clothesline+1"],"picked":"Shrug It Off+1","floor":18.0},{"not_picked":["Thunderclap+1","Sever Soul+1","Intimidate"],"picked":"SKIP","floor":21.0},{"not_picked":["Cleave+1","Heavy Blade+1"],"picked":"Iron Wave+1","floor":22.0},{"not_picked":["Twin Strike+1","Sever Soul+1","Iron Wave+1"],"picked":"SKIP","floor":23.0},{"not_picked":["Fiend Fire+1","Combust","Body Slam+1"],"picked":"Singing Bowl","floor":25.0},{"not_picked":["Seeing Red","Blood for Blood+1"],"picked":"Pummel+1","floor":27.0},{"not_picked":["Intimidate","Cleave+1"],"picked":"Corruption","floor":31.0},{"not_picked":["Exhume","Double Tap"],"picked":"Impervious","floor":33.0},{"not_picked":["Headbutt+1","Thunderclap+1","Carnage+1"],"picked":"Singing Bowl","floor":35.0},{"not_picked":["Thunderclap+1","Intimidate"],"picked":"True Grit+1","floor":37.0},{"not_picked":["Iron Wave+1","Clash+1","Battle Trance"],"picked":"Singing Bowl","floor":38.0},{"not_picked":["Headbutt+1","Body Slam+1","Havoc"],"picked":"Singing Bowl","floor":39.0},{"not_picked":["Clothesline+1","Dual Wield+1","Whirlwind+1"],"picked":"Singing Bowl","floor":42.0},{"not_picked":["Combust+1","Fiend Fire+1"],"picked":"Dual Wield+1","floor":44},{"not_picked":["True Grit+1","Iron Wave+1"],"picked":"Intimidate+1","floor":45},{"not_picked":["Cleave+1","Evolve+1"],"picked":"Second Wind+1","floor":48}],"player_experience":4942219,"relics_obtained":[{"floor":7.0,"key":"Meat on the Bone"},{"floor":9.0,"key":"Centennial Puzzle"},{"floor":11.0,"key":"Blood Vial"},{"floor":13.0,"key":"Molten Egg 2"},{"floor":23.0,"key":"Omamori"},{"floor":25.0,"key":"Singing Bowl"},{"floor":26.0,"key":"TungstenRod"},{"floor":27.0,"key":"WingedGreaves"},{"floor":31.0,"key":"Art of War"},{"floor":42.0,"key":"Toxic Egg 2"},{"floor":42.0,"key":"Nunchaku"},{"floor":43.0,"key":"Red Skull"},{"floor":44,"key":"Akabeko"},{"floor":44,"key":"StrikeDummy"},{"floor":48,"key":"Frozen Egg 2"},{"floor":48,"key":"Pocketwatch"}],"event_choices":[{"damage_healed":0.0,"max_hp_gain":0.0,"max_hp_loss":0.0,"gold_gain":0.0,"event_name":"The Woman in Blue","player_choice":"Bought 2 Potions","floor":2.0,"gold_loss":0.0,"damage_taken":0.0},{"cards_removed":["Strike_R"],"damage_healed":0.0,"max_hp_gain":0.0,"max_hp_loss":0.0,"gold_gain":0.0,"event_name":"Bonfire Elementals","player_choice":"Offered Basic","floor":6.0,"gold_loss":0.0,"damage_taken":0.0},{"cards_removed":["Strike_R"],"damage_healed":0.0,"max_hp_gain":0.0,"max_hp_loss":0.0,"gold_gain":0.0,"event_name":"Beggar","player_choice":"Gave Gold","floor":19.0,"gold_loss":75.0,"damage_taken":0.0},{"damage_healed":0.0,"max_hp_gain":0.0,"max_hp_loss":0.0,"gold_gain":0.0,"cards_transformed":["Strike_R"],"event_name":"Transmorgrifier","player_choice":"Transformed","floor":20.0,"gold_loss":0.0,"damage_taken":0.0,"cards_obtained":["Pommel Strike"]},{"damage_healed":0.0,"max_hp_gain":0.0,"max_hp_loss":0.0,"gold_gain":0.0,"event_name":"Duplicator","player_choice":"Copied","floor":36.0,"gold_loss":0.0,"damage_taken":0.0,"cards_obtained":["Spot Weakness"]},{"cards_removed":["Defend_R"],"damage_healed":0.0,"max_hp_gain":0.0,"max_hp_loss":0.0,"gold_gain":0.0,"event_name":"Falling","player_choice":"Removed Skill","floor":41.0,"gold_loss":0.0,"damage_taken":0.0}],"is_beta":false,"boss_relics":[{"not_picked":["Busted Crown","Velvet Choker"],"picked":"Philosopher\u0027s Stone"},{"not_picked":["Tiny House","Runic Dome"],"picked":"Black Star"}],"items_purged_floors":[24],"is_endless":false,"potions_floor_spawned":[4,8,11,13,16,25,27,33,37,42,44,45],"ascension_level":15}