{"gold_per_floor":[110,35,46,66,77,106,106,134,134,144,174,191,191,218,218,295,295,309,7,7,27,41,71,84,84,131,168,180,204,226,258,270,359,371,396,418,201,91,101,101,136,150,150,183,12,12,22,32,32,32],"floor_reached":51,"playtime":3741,"items_purged":["Strike_R","Anger"],"score":1333,"play_id":"e04ff6e5-30bd-43f5-af49-e914d1409455","local_time":"20211019180849","is_ascension_mode":true,"campfire_choices":[{"data":"Bash","floor":7.0,"key":"SMITH"},{"data":"Combust","floor":15.0,"key":"SMITH"},{"data":"Juggernaut","floor":25.0,"key":"SMITH"},{"data":"Juggernaut","floor":28.0,"key":"SMITH"},{"data":"Armaments","floor":32.0,"key":"SMITH"},{"data":"Spot Weakness","floor":40,"key":"SMITH"},{"data":"Feel No Pain","floor":46,"key":"SMITH"},{"data":"Evolve","floor":49,"key":"SMITH"}],"neow_cost":"NONE","seed_source_timestamp":0,"circlet_count":0,"master_deck":["AscendersBane","Strike_R","Defend_R","Defend_R","Defend_R","Defend_R","Bash+1","Pommel Strike","Combust+1","Fire Breathing","Flame Barrier+1","Ghostly Armor","Hemokinesis","Iron Wave","Shrug It Off","Juggernaut+1","Dark Embrace+1","Shockwave","Armaments+1","Shrug It Off","Entrench","Juggernaut+1","Shrug It Off","Shockwave+1","Feed","Spot Weakness+1","Disarm","Reaper","Shrug It Off+1","Second Wind","Entrench","Burning Pact+1","Feel No Pain+1","Evolve+1","Impervious","Shrug It Off+1"],"special_seed":0,"relics":["Burning Blood","Vajra","Art of War","Meat on the Bone","Magic Flower","Orichalcum","Snecko Eye","Prayer Wheel","Omamori","MawBank","Gambling Chip","Black Star","Brimstone","Charon\u0027s Ashes","TungstenRod","Letter Opener","MealTicket","Oddly Smooth Stone"],"potions_floor_usage":[42,48,50],"damage_taken":[{"damage":0.0,"enemies":"2 Louse","floor":1.0,"turns":3.0},{"damage":0.0,"enemies":"Small Slimes","floor":3.0,"turns":3.0},{"damage":13.0,"enemies":"Jaw Worm","floor":4.0,"turns":3.0},{"damage":12.0,"enemies":"Blue Slaver","floor":5.0,"turns":4.0},{"damage":28.0,"enemies":"Gremlin Nob","floor":6.0,"turns":4.0},{"damage":18.0,"enemies":"Lagavulin","floor":8.0,"turns":7.0},{"damage":18.0,"enemies":"Lots of Slimes","floor":10.0,"turns":3.0},{"damage":15.0,"enemies":"3 Sentries","floor":11.0,"turns":5.0},{"damage":4.0,"enemies":"Exordium Thugs","floor":12.0,"turns":4.0},{"damage":29.0,"enemies":"Gremlin Nob","floor":14.0,"turns":5.0},{"damage":20.0,"enemies":"The Guardian","floor":16.0,"turns":11.0},{"damage":6.0,"enemies":"Shell Parasite","floor":18.0,"turns":4.0},{"damage":2.0,"enemies":"Chosen","floor":21.0,"turns":4.0},{"damage":13.0,"enemies":"3 Cultists","floor":22.0,"turns":5.0},{"damage":27.0,"enemies":"Book of Stabbing","floor":23.0,"turns":6.0},{"damage":23.0,"enemies":"Snake Plant","floor":24.0,"turns":4.0},{"damage":21.0,"enemies":"Slavers","floor":27.0,"turns":4.0},{"damage":3.0,"enemies":"Centurion and Healer","floor":29.0,"turns":4.0},{"damage":2.0,"enemies":"Snecko","floor":30.0,"turns":4.0},{"damage":12.0,"enemies":"3 Cultists","floor":31.0,"turns":4.0},{"damage":52.0,"enemies":"Champ","floor":33.0,"turns":11.0},{"damage":2.0,"enemies":"3 Shapes","floor":35.0,"turns":4.0},{"damage":0.0,"enemies":"Orb Walker","floor":36.0,"turns":4.0},{"damage":18.0,"enemies":"Writhing Mass","floor":39.0,"turns":5.0},{"damage":41,"enemies":"Reptomancer","floor":41,"turns":7},{"damage":15,"enemies":"Jaw Worm Horde","floor":42,"turns":4},{"damage":40,"enemies":"Giant Head","floor":44,"turns":8},{"damage":11,"enemies":"Maw","floor":47,"turns":7},{"damage":21,"enemies":"Writhing Mass","floor":48,"turns":6},{"damage":17,"enemies":"Donu and Deca","floor":50,"turns":7}],"seed_played":"-6063348894750455848","potions_obtained":[{"floor":5.0,"key":"BlessingOfTheForge"},{"floor":8.0,"key":"BlessingOfTheForge"},{"floor":12.0,"key":"Energy Potion"},{"floor":14.0,"key":"GamblersBrew"},{"floor":21.0,"key":"Explosive Potion"},{"floor":24.0,"key":"Strength Potion"},{"floor":30.0,"key":"Block Potion"},{"floor":36.0,"key":"GamblersBrew"},{"floor":41,"key":"SkillPotion"},{"floor":47,"key":"Explosive Potion"}],"is_trial":false,"path_per_floor":["M","?","M","M","M","E","R","E","T","M","E","M","?","E","R","B",null,"M","$","?","M","M","E","M","R","T","E","R","M","M","M","R","B",null,"M","M","$","?","M","R","E","M","T","E","$","R","M","M","R","B",null],"character_chosen":"IRONCLAD","items_purchased":["Prayer Wheel","Brimstone","Feel No Pain"],"campfire_rested":0,"item_purchase_floors":[19,37,45],"current_hp_per_floor":[74,74,75,68,62,40,40,28,28,28,31,54,54,52,52,59,71,74,74,53,60,56,56,60,60,60,66,66,72,79,82,82,57,77,84,84,84,84,84,84,71,65,65,65,80,80,84,79,79,71],"gold":32,"neow_bonus":"REMOVE_CARD","is_prod":false,"is_daily":false,"chose_seed":false,"campfire_upgraded":8,"win_rate":0,"timestamp":1634692129,"path_taken":["M","?","M","M","M","E","R","E","T","M","E","M","?","E","R","BOSS","M","$","?","M","M","E","M","R","T","E","R","M","M","M","R","BOSS","M","M","$","?","M","R","E","M","T","E","$","R","?","M","R","BOSS"],"build_version":"2020-12-22","purchased_purges":2,"victory":true,"max_hp_per_floor":[75,75,75,75,75,75,75,75,75,75,75,75,75,75,75,75,75,75,75,80,80,80,80,80,80,80,80,80,80,80,84,84,84,84,84,84,84,84,84,84,84,84,84,84,84,84,84,87,87,87],"card_choices":[{"not_picked":["Perfected Strike","True Grit"],"picked":"Pommel Strike","floor":1.0},{"not_picked":["Dark Embrace","Clash"],"picked":"Combust","floor":3.0},{"not_picked":["Perfected Strike","Wild Strike"],"picked":"Fire Breathing","floor":4.0},{"not_picked":["Sever Soul","Burning Pact"],"picked":"Flame Barrier","floor":5.0},{"not_picked":["Bloodletting","Fire Breathing"],"picked":"Ghostly Armor","floor":6.0},{"not_picked":["Havoc","Sword Boomerang"],"picked":"Hemokinesis","floor":8.0},{"not_picked":["Cleave","Reckless Charge"],"picked":"Iron Wave","floor":10.0},{"not_picked":["Berserk","Havoc","Perfected Strike"],"picked":"SKIP","floor":11.0},{"not_picked":["Combust","Pommel Strike"],"picked":"Shrug It Off","floor":12.0},{"not_picked":["Perfected Strike","Havoc"],"picked":"Anger","floor":14.0},{"not_picked":["Corruption","Demon Form"],"picked":"Juggernaut","floor":16.0},{"not_picked":["Evolve","Carnage"],"picked":"Dark Embrace+1","floor":18.0},{"not_picked":["Shrug It Off","Warcry+1"],"picked":"Shockwave","floor":21.0},{"not_picked":["Shrug It Off","Flex","Combust"],"picked":"SKIP","floor":21.0},{"not_picked":["Heavy Blade","Sword Boomerang+1"],"picked":"Armaments","floor":22.0},{"not_picked":["True Grit","Clothesline"],"picked":"Shrug It Off","floor":22.0},{"not_picked":["Armaments","Clothesline"],"picked":"Entrench","floor":23.0},{"not_picked":["Pommel Strike","Warcry"],"picked":"Juggernaut","floor":24.0},{"not_picked":["Clothesline","Flex","Combust"],"picked":"SKIP","floor":24.0},{"not_picked":["Dropkick","Evolve"],"picked":"Shrug It Off","floor":27.0},{"not_picked":["Ghostly Armor","Body Slam","Carnage"],"picked":"SKIP","floor":29.0},{"not_picked":["Blood for Blood","Havoc","Pommel Strike+1"],"picked":"SKIP","floor":29.0},{"not_picked":["Rage","Thunderclap"],"picked":"Shockwave","floor":30.0},{"not_picked":["Power Through","True Grit"],"picked":"Feed","floor":30.0},{"not_picked":["Wild Strike","Armaments"],"picked":"Spot Weakness","floor":31.0},{"not_picked":["True Grit","Dual Wield"],"picked":"Disarm","floor":31.0},{"not_picked":["Double Tap","Immolate"],"picked":"Reaper","floor":33.0},{"not_picked":["Disarm+1","Reckless Charge","Entrench+1"],"picked":"SKIP","floor":35.0},{"not_picked":["Thunderclap","Iron Wave","True Grit"],"picked":"SKIP","floor":35.0},{"not_picked":["Entrench","Thunderclap"],"picked":"Shrug It Off+1","floor":36.0},{"not_picked":["Pummel+1","Sword Boomerang","Headbutt+1"],"picked":"SKIP","floor":36.0},{"not_picked":["Cleave","Iron Wave"],"picked":"Second Wind","floor":39.0},{"not_picked":["Spot Weakness+1","Clothesline+1","Pummel"],"picked":"SKIP","floor":39.0},{"not_picked":["Clothesline","Clash+1","Wild Strike"],"picked":"SKIP","floor":41},{"not_picked":["Heavy Blade","Blood for Blood+1"],"picked":"Entrench","floor":42},{"not_picked":["Immolate","Sever Soul","Warcry"],"picked":"SKIP","floor":42},{"not_picked":["True Grit+1","Body Slam+1"],"picked":"Burning Pact+1","floor":44},{"not_picked":["Reckless Charge","Armaments"],"picked":"Evolve","floor":47},{"not_picked":["Blood for Blood","Headbutt","Clothesline"],"picked":"SKIP","floor":47},{"not_picked":["Havoc+1","Cleave+1"],"picked":"Impervious","floor":48},{"not_picked":["Armaments","Thunderclap"],"picked":"Shrug It Off+1","floor":48}],"player_experience":4949210,"relics_obtained":[{"floor":6.0,"key":"Vajra"},{"floor":8.0,"key":"Art of War"},{"floor":9.0,"key":"Meat on the Bone"},{"floor":11.0,"key":"Magic Flower"},{"floor":14.0,"key":"Orichalcum"},{"floor":23.0,"key":"Omamori"},{"floor":26.0,"key":"MawBank"},{"floor":27.0,"key":"Gambling Chip"},{"floor":41,"key":"Charon\u0027s Ashes"},{"floor":41,"key":"TungstenRod"},{"floor":43,"key":"Letter Opener"},{"floor":44,"key":"MealTicket"},{"floor":44,"key":"Oddly Smooth Stone"}],"event_choices":[{"cards_removed":["Strike_R"],"damage_healed":0.0,"max_hp_gain":0.0,"max_hp_loss":0.0,"gold_gain":0.0,"event_name":"The Cleric","player_choice":"Card Removal","floor":2.0,"gold_loss":75.0,"damage_taken":0.0},{"damage_healed":0.0,"max_hp_gain":0.0,"max_hp_loss":0.0,"gold_gain":0.0,"event_name":"Living Wall","player_choice":"Grow","floor":13.0,"gold_loss":0.0,"damage_taken":0.0,"cards_upgraded":["Flame Barrier"]},{"damage_healed":0.0,"max_hp_gain":5.0,"max_hp_loss":0.0,"gold_gain":0.0,"event_name":"Forgotten Altar","player_choice":"Shed Blood","floor":20.0,"gold_loss":0.0,"damage_taken":26.0},{"cards_removed":["Strike_R"],"damage_healed":0.0,"max_hp_gain":0.0,"max_hp_loss":0.0,"gold_gain":0.0,"event_name":"Designer","player_choice":"Upgrade and Remove","floor":38.0,"gold_loss":110.0,"damage_taken":0.0,"cards_upgraded":["Shockwave"]}],"is_beta":false,"boss_relics":[{"not_picked":["Pandora\u0027s Box","Ectoplasm"],"picked":"Snecko Eye"},{"not_picked":["Empty Cage","Astrolabe"],"picked":"Black Star"}],"items_purged_floors":[37,45],"is_endless":false,"potions_floor_spawned":[5,8,12,14,18,21,24,30,36,41,47],"ascension_level":15}