{"gold_per_floor":[117,192,211,231,231,260,260,295,318,330,350,350,369,36,36,110,110,128,53,53,65,65,99,99,119,144,180,202,237,137,153,153,153],"floor_reached":33,"playtime":1006,"items_purged":["Strike_R","Strike_R"],"score":599,"play_id":"76f55735-464d-487a-8212-1ec23678349a","local_time":"20211029125722","is_ascension_mode":true,"campfire_choices":[{"floor":7.0,"key":"REST"},{"data":"Flame Barrier","floor":12.0,"key":"SMITH"},{"data":"Bash","floor":15.0,"key":"SMITH"},{"data":"Spot Weakness","floor":24,"key":"SMITH"},{"data":"Shockwave","floor":32,"key":"SMITH"}],"neow_cost":"NONE","seed_source_timestamp":67127675293900,"circlet_count":0,"master_deck":["AscendersBane","Strike_R","Strike_R","Strike_R+1","Defend_R","Defend_R+1","Defend_R","Defend_R","Bash+1","Clothesline","Pommel Strike","Spot Weakness+1","Offering","Combust","Anger","Flame Barrier+1","Iron Wave","Battle Trance","Corruption","Warcry+1","Shockwave+1","Carnage","Metallicize","Ghostly Armor"],"special_seed":0,"relics":["Burning Blood","MealTicket","Happy Flower","Art of War","Omamori","Anchor","PreservedInsect","Coffee Dripper","CeramicFish","Oddly Smooth Stone","Dream Catcher","Juzu Bracelet"],"potions_floor_usage":[23,29,33,33],"damage_taken":[{"damage":8.0,"enemies":"Small Slimes","floor":1.0,"turns":4.0},{"damage":7.0,"enemies":"Jaw Worm","floor":3.0,"turns":3.0},{"damage":1.0,"enemies":"Cultist","floor":4.0,"turns":3.0},{"damage":34.0,"enemies":"Lagavulin","floor":6.0,"turns":8.0},{"damage":20.0,"enemies":"3 Sentries","floor":8.0,"turns":8.0},{"damage":3.0,"enemies":"Exordium Thugs","floor":10.0,"turns":5.0},{"damage":6.0,"enemies":"3 Louse","floor":11.0,"turns":2.0},{"damage":8.0,"enemies":"Gremlin Gang","floor":13.0,"turns":4.0},{"damage":21.0,"enemies":"Hexaghost","floor":16.0,"turns":7.0},{"damage":8.0,"enemies":"2 Thieves","floor":18.0,"turns":3.0},{"damage":0.0,"enemies":"3 Byrds","floor":21.0,"turns":3.0},{"damage":25,"enemies":"Slavers","floor":23,"turns":3},{"damage":16,"enemies":"Shelled Parasite and Fungi","floor":25,"turns":4},{"damage":21,"enemies":"Book of Stabbing","floor":27,"turns":3},{"damage":11,"enemies":"Snake Plant","floor":28,"turns":3},{"damage":2,"enemies":"Gremlin Leader","floor":29,"turns":4},{"damage":9,"enemies":"Snecko","floor":31,"turns":5},{"damage":50,"enemies":"Collector","floor":33,"turns":6}],"seed_played":"612208447505688666","potions_obtained":[{"floor":3.0,"key":"ColorlessPotion"},{"floor":6.0,"key":"Strength Potion"},{"floor":13.0,"key":"Explosive Potion"},{"floor":18.0,"key":"EssenceOfSteel"},{"floor":27,"key":"AttackPotion"},{"floor":29,"key":"SpeedPotion"}],"is_trial":false,"path_per_floor":["M","?","M","M","?","E","R","E","T","M","M","R","M","$","R","B",null,"M","$","?","M","?","E","R","M","T","E","M","E","$","M","R","B"],"character_chosen":"IRONCLAD","items_purchased":["Battle Trance","Anchor","PreservedInsect"],"campfire_rested":1,"item_purchase_floors":[14,14,14],"current_hp_per_floor":[66,55,54,59,36,8,30,16,16,19,19,19,17,32,32,17,61,59,74,74,75,75,56,56,46,46,31,26,30,45,42,42,0],"gold":153,"neow_bonus":"RANDOM_COMMON_RELIC","is_prod":false,"is_daily":false,"chose_seed":false,"campfire_upgraded":4,"win_rate":0,"timestamp":1635537442,"path_taken":["M","?","M","M","?","E","R","E","T","M","M","R","M","$","R","BOSS","M","$","?","M","?","E","R","?","T","E","M","E","?","M","R","BOSS"],"build_version":"2020-12-22","purchased_purges":2,"victory":false,"max_hp_per_floor":[75,75,75,75,75,75,75,75,75,75,75,75,75,75,75,75,75,75,75,75,75,75,75,75,75,75,75,75,75,75,75,75,75],"card_choices":[{"not_picked":["Twin Strike","Flex"],"picked":"Clothesline","floor":1.0},{"not_picked":["Body Slam","Warcry"],"picked":"Pommel Strike","floor":3.0},{"not_picked":["Havoc","Wild Strike"],"picked":"Spot Weakness","floor":4.0},{"not_picked":["Heavy Blade","Sever Soul"],"picked":"Offering","floor":6.0},{"not_picked":["Rampage","Infernal Blade"],"picked":"Combust","floor":8.0},{"not_picked":["Armaments","Iron Wave"],"picked":"Anger","floor":10.0},{"not_picked":["Pommel Strike","Spot Weakness"],"picked":"Flame Barrier","floor":11.0},{"not_picked":["Wild Strike","Reckless Charge"],"picked":"Iron Wave","floor":13.0},{"not_picked":["Brutality","Barricade"],"picked":"Corruption","floor":16.0},{"not_picked":["Havoc","Dual Wield"],"picked":"Warcry+1","floor":18.0},{"not_picked":["Searing Blow","Warcry"],"picked":"Shockwave","floor":21.0},{"not_picked":["Headbutt","Thunderclap","Clash"],"picked":"SKIP","floor":23},{"not_picked":["Bludgeon","Anger"],"picked":"Carnage","floor":25},{"not_picked":["Reckless Charge","Burning Pact"],"picked":"Metallicize","floor":27},{"not_picked":["Burning Pact","Armaments"],"picked":"Ghostly Armor","floor":28},{"not_picked":["Armaments","Ghostly Armor","Warcry"],"picked":"SKIP","floor":29},{"not_picked":["Havoc","Searing Blow","Cleave"],"picked":"SKIP","floor":31}],"player_experience":4971971,"relics_obtained":[{"floor":6.0,"key":"Happy Flower"},{"floor":8.0,"key":"Art of War"},{"floor":9.0,"key":"Omamori"},{"floor":23,"key":"CeramicFish"},{"floor":26,"key":"Oddly Smooth Stone"},{"floor":27,"key":"Dream Catcher"},{"floor":29,"key":"Juzu Bracelet"}],"event_choices":[{"damage_healed":0.0,"max_hp_gain":0.0,"max_hp_loss":0.0,"gold_gain":75.0,"event_name":"World of Goop","player_choice":"Gather Gold","floor":2.0,"gold_loss":0.0,"damage_taken":11.0},{"damage_healed":0.0,"max_hp_gain":0.0,"max_hp_loss":0.0,"gold_gain":0.0,"event_name":"Shining Light","player_choice":"Entered Light","floor":5.0,"gold_loss":0.0,"damage_taken":23.0,"cards_upgraded":["Strike_R","Defend_R"]},{"damage_healed":0.0,"max_hp_gain":0.0,"max_hp_loss":0.0,"gold_gain":0.0,"event_name":"Vampires","player_choice":"Ignored","floor":20.0,"gold_loss":0.0,"damage_taken":0.0},{"damage_healed":0,"gold_gain":0,"player_choice":"Ignored","damage_taken":0,"max_hp_gain":0,"max_hp_loss":0,"event_name":"N\u0027loth","floor":22,"gold_loss":0}],"is_beta":false,"boss_relics":[{"not_picked":["SlaversCollar","Ectoplasm"],"picked":"Coffee Dripper"}],"items_purged_floors":[19,30],"is_endless":false,"potions_floor_spawned":[3,6,13,18,27,28,29],"killed_by":"Collector","ascension_level":15}