{"gold_per_floor":[116,116,131,144,156,169,195,195,241,273,273,316,316,359,359,450,450,466,491,491,491,491,491,515,515,540,576,576,599,599,639,639,734,734,752,752,653,667,469,469,482,518,588,604,624,624,624,116,116,116],"floor_reached":51,"playtime":1529,"items_purged":["Strike_R","Strike_R","Clash"],"score":1350,"play_id":"897cfbb1-4421-4d1c-949a-3c5423489447","local_time":"20211023162720","is_ascension_mode":true,"campfire_choices":[{"data":"Bash","floor":8.0,"key":"SMITH"},{"data":"Combust","floor":13.0,"key":"SMITH"},{"data":"Immolate","floor":15.0,"key":"SMITH"},{"data":"Spot Weakness","floor":23.0,"key":"SMITH"},{"data":"Shockwave","floor":25.0,"key":"SMITH"},{"data":"Carnage","floor":28.0,"key":"SMITH"},{"data":"Rage","floor":30.0,"key":"SMITH"},{"data":"Armaments","floor":32.0,"key":"SMITH"},{"data":"Brutality","floor":40,"key":"SMITH"},{"data":"Shrug It Off","floor":47,"key":"SMITH"},{"data":"Power Through","floor":49,"key":"SMITH"}],"neow_cost":"NONE","seed_source_timestamp":116336517412000,"circlet_count":0,"master_deck":["AscendersBane","Defend_R","Defend_R","Defend_R","Defend_R","Bash+1","Combust+1","Anger","Rage+1","Carnage+1","Armaments+1","Power Through+1","Immolate+1","Iron Wave","Reaper","Headbutt+1","Spot Weakness+1","Shockwave+1","Shrug It Off+1","True Grit+1","Brutality+1","Dual Wield+1","True Grit+1","Warcry+1","The Bomb+1","Limit Break+1","Burning Pact+1"],"special_seed":0,"relics":["Burning Blood","Omamori","Red Skull","Self Forming Clay","Golden Idol","Smiling Mask","Anchor","Coffee Dripper","Akabeko","Vajra","Ginger","Bird Faced Urn","SlaversCollar","Happy Flower","TheAbacus","Toxic Egg 2","StrikeDummy","Ice Cream"],"potions_floor_usage":[33,42,50],"damage_taken":[{"damage":3.0,"enemies":"Small Slimes","floor":1.0,"turns":5.0},{"damage":8.0,"enemies":"Cultist","floor":3.0,"turns":3.0},{"damage":5.0,"enemies":"2 Louse","floor":4.0,"turns":3.0},{"damage":7.0,"enemies":"2 Fungi Beasts","floor":5.0,"turns":3.0},{"damage":11.0,"enemies":"Blue Slaver","floor":6.0,"turns":3.0},{"damage":30.0,"enemies":"Lagavulin","floor":7.0,"turns":6.0},{"damage":20.0,"enemies":"3 Sentries","floor":10.0,"turns":6.0},{"damage":0.0,"enemies":"Gremlin Nob","floor":12.0,"turns":1.0},{"damage":19.0,"enemies":"3 Sentries","floor":14.0,"turns":5.0},{"damage":9.0,"enemies":"Slime Boss","floor":16.0,"turns":6.0},{"damage":12.0,"enemies":"Spheric Guardian","floor":18.0,"turns":3.0},{"damage":0.0,"enemies":"Chosen","floor":19.0,"turns":3.0},{"damage":4.0,"enemies":"3 Cultists","floor":24.0,"turns":5.0},{"damage":8.0,"enemies":"Slavers","floor":27.0,"turns":5.0},{"damage":5.0,"enemies":"Snake Plant","floor":29.0,"turns":4.0},{"damage":29.0,"enemies":"Book of Stabbing","floor":31.0,"turns":5.0},{"damage":50,"enemies":"Automaton","floor":33,"turns":10},{"damage":20,"enemies":"3 Darklings","floor":35,"turns":3},{"damage":13,"enemies":"Orb Walker","floor":38,"turns":4},{"damage":8,"enemies":"4 Shapes","floor":41,"turns":4},{"damage":42,"enemies":"Nemesis","floor":42,"turns":9},{"damage":12,"enemies":"Sphere and 2 Shapes","floor":44,"turns":3},{"damage":52,"enemies":"Transient","floor":45,"turns":5},{"damage":24,"enemies":"Time Eater","floor":50,"turns":9}],"seed_played":"-8770031899892832324","potions_obtained":[{"floor":1.0,"key":"PowerPotion"},{"floor":3.0,"key":"SneckoOil"},{"floor":7.0,"key":"Weak Potion"},{"floor":14.0,"key":"Dexterity Potion"},{"floor":27.0,"key":"DuplicationPotion"},{"floor":33,"key":"Dexterity Potion"},{"floor":42,"key":"DistilledChaos"}],"is_trial":false,"path_per_floor":["M","?","M","M","M","M","E","R","T","E","?","E","R","E","R","B",null,"M","M","?","?","?","R","M","R","T","E","R","M","R","E","R","B",null,"M","?","$","M","$","R","M","E","T","M","M","?","R","$","R","B",null],"character_chosen":"IRONCLAD","items_purchased":["PowerPotion","TheAbacus","Limit Break+1","Ice Cream","Burning Pact+1"],"campfire_rested":0,"item_purchase_floors":[37,39,48,48,48],"current_hp_per_floor":[78,78,76,77,76,71,47,47,47,33,33,39,39,26,26,23,61,59,65,65,65,65,65,74,74,74,74,74,74,74,51,51,27,62,61,61,61,67,67,67,74,48,48,73,58,58,58,58,58,74],"gold":116,"neow_bonus":"TEN_PERCENT_HP_BONUS","is_prod":false,"is_daily":false,"chose_seed":false,"campfire_upgraded":11,"win_rate":0,"timestamp":1635031640,"path_taken":["M","?","M","M","M","?","E","R","T","E","?","E","R","E","R","BOSS","M","M","?","?","?","R","M","R","T","E","R","M","R","E","R","BOSS","M","?","$","?","$","R","M","E","T","M","?","?","R","$","R","BOSS"],"build_version":"2020-12-22","purchased_purges":3,"victory":true,"max_hp_per_floor":[82,82,82,82,82,82,82,82,82,82,74,74,74,74,74,74,74,74,74,74,74,74,74,74,74,74,74,74,74,74,74,74,74,74,74,74,74,74,74,74,74,74,74,74,74,74,74,74,74,74],"card_choices":[{"not_picked":["Rage","Iron Wave"],"picked":"Combust","floor":1.0},{"not_picked":["Feel No Pain","Body Slam"],"picked":"Anger","floor":3.0},{"not_picked":["True Grit","Warcry"],"picked":"Rage","floor":4.0},{"not_picked":["Sword Boomerang","Anger"],"picked":"Carnage","floor":5.0},{"not_picked":["Clash","True Grit"],"picked":"Armaments","floor":6.0},{"not_picked":["Evolve","Bloodletting"],"picked":"Power Through","floor":7.0},{"not_picked":["Sword Boomerang","Twin Strike"],"picked":"Immolate","floor":10.0},{"not_picked":["Warcry","Perfected Strike"],"picked":"Iron Wave","floor":12.0},{"not_picked":["Wild Strike","Dark Embrace","Combust"],"picked":"SKIP","floor":14.0},{"not_picked":["Double Tap","Immolate"],"picked":"Reaper","floor":16.0},{"not_picked":["Havoc","Body Slam"],"picked":"Headbutt+1","floor":18.0},{"not_picked":["Headbutt+1","Seeing Red"],"picked":"Spot Weakness","floor":19.0},{"not_picked":["Cleave","Infernal Blade","Clash+1"],"picked":"SKIP","floor":24.0},{"not_picked":["Second Wind","Clothesline"],"picked":"Shrug It Off","floor":27.0},{"not_picked":["Armaments","Sword Boomerang","Juggernaut"],"picked":"SKIP","floor":29.0},{"not_picked":["Twin Strike","Wild Strike"],"picked":"True Grit+1","floor":31.0},{"not_picked":["Immolate","Berserk"],"picked":"Brutality","floor":33},{"not_picked":["Searing Blow","Entrench"],"picked":"Dual Wield+1","floor":35},{"not_picked":["Havoc+1","Anger","Clash"],"picked":"SKIP","floor":38},{"not_picked":["Shrug It Off","True Grit","Thunderclap"],"picked":"SKIP","floor":41},{"not_picked":["Havoc+1","Flex+1"],"picked":"True Grit+1","floor":42},{"not_picked":["Twin Strike","Immolate"],"picked":"Warcry+1","floor":44},{"not_picked":["Pommel Strike","Uppercut","Cleave"],"picked":"SKIP","floor":45},{"not_picked":["Flash of Steel","Jack Of All Trades+1"],"picked":"The Bomb+1","floor":46}],"player_experience":4955860,"relics_obtained":[{"floor":7.0,"key":"Omamori"},{"floor":9.0,"key":"Red Skull"},{"floor":10.0,"key":"Self Forming Clay"},{"floor":12.0,"key":"Smiling Mask"},{"floor":14.0,"key":"Anchor"},{"floor":26.0,"key":"Vajra"},{"floor":27.0,"key":"Ginger"},{"floor":31.0,"key":"Bird Faced Urn"},{"floor":42,"key":"Toxic Egg 2"},{"floor":43,"key":"StrikeDummy"}],"event_choices":[{"cards_removed":["Strike_R"],"damage_healed":0.0,"max_hp_gain":0.0,"max_hp_loss":0.0,"gold_gain":0.0,"event_name":"Wheel of Change","player_choice":"Card Removal","floor":2.0,"gold_loss":0.0,"damage_taken":0.0},{"damage_healed":0.0,"max_hp_gain":0.0,"max_hp_loss":8.0,"gold_gain":0.0,"event_name":"Golden Idol","player_choice":"Lose Max HP","floor":11.0,"gold_loss":0.0,"damage_taken":0.0,"relics_obtained":["Golden Idol"]},{"damage_healed":0.0,"max_hp_gain":0.0,"max_hp_loss":0.0,"gold_gain":0.0,"cards_transformed":["Strike_R","Strike_R"],"event_name":"Drug Dealer","player_choice":"Became Test Subject","floor":20.0,"gold_loss":0.0,"damage_taken":0.0,"cards_obtained":["Shockwave","Clash"]},{"damage_healed":0.0,"max_hp_gain":0.0,"max_hp_loss":0.0,"gold_gain":0.0,"event_name":"The Mausoleum","player_choice":"Opened","floor":21.0,"gold_loss":0.0,"damage_taken":0.0,"relics_obtained":["Akabeko"],"cards_obtained":["Writhe"]},{"damage_healed":0.0,"max_hp_gain":0.0,"max_hp_loss":0.0,"gold_gain":0.0,"event_name":"Cursed Tome","player_choice":"Ignored","floor":22.0,"gold_loss":0.0,"damage_taken":0.0},{"damage_healed":0,"gold_gain":0,"player_choice":"Gave Potion","damage_taken":0,"relics_obtained":["Happy Flower"],"max_hp_gain":0,"max_hp_loss":0,"event_name":"WeMeetAgain","floor":36,"gold_loss":0},{"damage_healed":0,"gold_gain":0,"player_choice":"Memory 1","damage_taken":0,"max_hp_gain":0,"max_hp_loss":0,"event_name":"SensoryStone","floor":46,"gold_loss":0}],"is_beta":false,"boss_relics":[{"not_picked":["Runic Dome","Fusion Hammer"],"picked":"Coffee Dripper"},{"not_picked":["Busted Crown","Runic Cube"],"picked":"SlaversCollar"}],"items_purged_floors":[37,39,48],"is_endless":false,"potions_floor_spawned":[1,3,7,14,27,31,33,38,42],"ascension_level":15}