{"gold_per_floor":[112,131,142,142,142,172,172,199,199,77,77,106,121,196,196,274,274,285,285,50,69,82,108,108,139,139,171,171,64,64,80,80,156,156,167,0,49,49,65,65,65,98,98,113,142,42,0,14,14,14],"floor_reached":51,"playtime":1902,"items_purged":["Strike_R","Strike_R","Strike_R"],"score":1463,"play_id":"2c458700-fdde-400b-92e9-79b19f36a506","local_time":"20211026204241","is_ascension_mode":true,"campfire_choices":[{"data":"Hemokinesis","floor":7.0,"key":"SMITH"},{"data":"Disarm","floor":11.0,"key":"SMITH"},{"data":"Clothesline","floor":15.0,"key":"SMITH"},{"data":"Feed","floor":24,"key":"SMITH"},{"data":"Shockwave","floor":28,"key":"SMITH"},{"data":"Flame Barrier","floor":30,"key":"SMITH"},{"data":"Heavy Blade","floor":32,"key":"SMITH"},{"data":"Pommel Strike","floor":40,"key":"SMITH"},{"data":"Pummel","floor":49,"key":"SMITH"}],"neow_cost":"NONE","seed_source_timestamp":44098762765200,"circlet_count":0,"master_deck":["AscendersBane","Strike_R","Defend_R","Defend_R","Defend_R","Defend_R","Bash+1","Flame Barrier+1","Headbutt","Clothesline+1","Hemokinesis+1","Pommel Strike+1","Disarm+1","Anger","Feed+1","Shrug It Off","Shockwave+1","Cleave","Juggernaut+1","Spot Weakness+1","Inflame+1","Heavy Blade+1","Berserk+1","Warcry+1","Feel No Pain+1","Limit Break+1","True Grit+1","True Grit+1","Pummel+1"],"special_seed":0,"relics":["Burning Blood","Thread and Needle","The Courier","Meat on the Bone","Question Card","Philosopher\u0027s Stone","Gremlin Horn","Bottled Flame","Frozen Egg 2","Eternal Feather","Art of War","Coffee Dripper","Lizard Tail","FossilizedHelix","Shovel","Bird Faced Urn","Red Mask"],"potions_floor_usage":[18,23,25,33,37,39,42,50,50],"damage_taken":[{"damage":1.0,"enemies":"Cultist","floor":1.0,"turns":4.0},{"damage":2.0,"enemies":"Small Slimes","floor":2.0,"turns":5.0},{"damage":0.0,"enemies":"2 Louse","floor":3.0,"turns":5.0},{"damage":20.0,"enemies":"3 Sentries","floor":6.0,"turns":7.0},{"damage":12.0,"enemies":"Gremlin Nob","floor":8.0,"turns":4.0},{"damage":12.0,"enemies":"3 Sentries","floor":12.0,"turns":7.0},{"damage":2.0,"enemies":"Exordium Thugs","floor":13.0,"turns":4.0},{"damage":3.0,"enemies":"Hexaghost","floor":16.0,"turns":10.0},{"damage":14,"enemies":"2 Thieves","floor":18,"turns":3},{"damage":23,"enemies":"3 Byrds","floor":21,"turns":4},{"damage":43,"enemies":"Sentry and Sphere","floor":22,"turns":6},{"damage":21,"enemies":"Slavers","floor":23,"turns":5},{"damage":11,"enemies":"Book of Stabbing","floor":25,"turns":7},{"damage":26,"enemies":"Slavers","floor":27,"turns":6},{"damage":14,"enemies":"Snake Plant","floor":31,"turns":4},{"damage":45,"enemies":"Champ","floor":33,"turns":8},{"damage":22,"enemies":"Orb Walker","floor":35,"turns":4},{"damage":30,"enemies":"2 Orb Walkers","floor":37,"turns":5},{"damage":27,"enemies":"3 Shapes","floor":39,"turns":3},{"damage":15,"enemies":"Nemesis","floor":42,"turns":5},{"damage":0,"enemies":"3 Darklings","floor":44,"turns":3},{"damage":2,"enemies":"Reptomancer","floor":45,"turns":6},{"damage":14,"enemies":"Writhing Mass","floor":48,"turns":5},{"damage":58,"enemies":"Time Eater","floor":50,"turns":11}],"seed_played":"1409848694796811405","potions_obtained":[{"floor":0.0,"key":"Block Potion"},{"floor":0.0,"key":"AttackPotion"},{"floor":6.0,"key":"ElixirPotion"},{"floor":8.0,"key":"SneckoOil"},{"floor":12.0,"key":"Strength Potion"},{"floor":16.0,"key":"DuplicationPotion"},{"floor":21,"key":"PowerPotion"},{"floor":23,"key":"Regen Potion"},{"floor":25,"key":"EntropicBrew"},{"floor":35,"key":"Fire Potion"},{"floor":45,"key":"SkillPotion"},{"floor":48,"key":"Regen Potion"}],"is_trial":false,"path_per_floor":["M","M","M","?","?","E","R","E","T","$","R","E","M","?","R","B",null,"M","?","$","M","M","E","R","E","T","E","R","$","R","M","R","B",null,"M","$","?","?","M","R","$","E","T","M","E","$","?","M","R","B",null],"character_chosen":"IRONCLAD","items_purchased":["Disarm","Gremlin Horn","Shockwave","Inflame+1","Feel No Pain+1","Limit Break"],"campfire_rested":0,"item_purchase_floors":[10,20,20,29,36,36],"current_hp_per_floor":[73,75,75,75,80,66,66,60,60,60,60,54,58,47,47,50,73,68,68,68,54,32,32,32,58,58,54,66,66,78,74,86,59,93,81,81,73,73,68,83,83,78,78,84,88,88,88,88,103,72],"gold":14,"neow_bonus":"THREE_SMALL_POTIONS","is_prod":false,"is_daily":false,"chose_seed":false,"campfire_upgraded":9,"win_rate":0,"timestamp":1635306161,"path_taken":["M","M","M","?","?","E","R","E","T","$","R","E","M","?","R","BOSS","M","?","$","M","M","E","R","E","T","E","R","?","R","M","R","BOSS","M","$","?","?","?","R","$","E","T","M","E","$","?","M","R","BOSS"],"build_version":"2020-12-22","purchased_purges":3,"victory":true,"max_hp_per_floor":[75,75,75,75,80,80,80,80,80,80,80,80,80,80,80,80,80,83,83,83,86,89,92,92,96,96,100,100,100,100,104,104,104,104,108,108,112,112,116,116,116,120,120,120,120,120,120,120,120,120],"card_choices":[{"not_picked":["Flex","Sword Boomerang"],"picked":"Flame Barrier","floor":1.0},{"not_picked":["Ghostly Armor","Warcry"],"picked":"Headbutt","floor":2.0},{"not_picked":["Wild Strike","Fiend Fire"],"picked":"Clothesline","floor":3.0},{"not_picked":["Pommel Strike","Ghostly Armor"],"picked":"Hemokinesis","floor":6.0},{"not_picked":["Havoc","Armaments"],"picked":"Pommel Strike","floor":8.0},{"not_picked":["Pommel Strike","Burning Pact","Wild Strike"],"picked":"SKIP","floor":12.0},{"not_picked":["Fire Breathing","Iron Wave","Carnage"],"picked":"Anger","floor":13.0},{"not_picked":["Immolate","Fiend Fire","Offering"],"picked":"Feed","floor":16.0},{"not_picked":["Pommel Strike","Clothesline","Perfected Strike"],"picked":"Shrug It Off","floor":18},{"not_picked":["True Grit","Headbutt+1","Reckless Charge","Power Through"],"picked":"SKIP","floor":21},{"not_picked":["Iron Wave","Infernal Blade","Searing Blow","Pommel Strike"],"picked":"SKIP","floor":22},{"not_picked":["Pommel Strike","Sentinel","Havoc"],"picked":"Cleave","floor":23},{"not_picked":["Wild Strike","Clash","Power Through"],"picked":"Juggernaut+1","floor":25},{"not_picked":["Dark Embrace+1","Clothesline","Reckless Charge"],"picked":"Spot Weakness+1","floor":27},{"not_picked":["Warcry","Fire Breathing+1","True Grit"],"picked":"Heavy Blade","floor":31},{"not_picked":["Juggernaut+1","Bludgeon","Feed"],"picked":"Berserk+1","floor":33},{"not_picked":["True Grit","Heavy Blade+1","Headbutt+1"],"picked":"Warcry+1","floor":35},{"not_picked":["Pommel Strike","Flame Barrier","Sword Boomerang"],"picked":"True Grit+1","floor":37},{"not_picked":["Havoc+1","Flex+1","Juggernaut+1","Perfected Strike"],"picked":"SKIP","floor":39},{"not_picked":["Pummel","Second Wind","Anger"],"picked":"True Grit+1","floor":42},{"not_picked":["Rupture+1","Iron Wave","Clothesline+1","True Grit"],"picked":"SKIP","floor":44},{"not_picked":["Dropkick","Reckless Charge+1","Fiend Fire"],"picked":"Pummel","floor":45},{"not_picked":["Armaments","Whirlwind","Clash+1","Thunderclap"],"picked":"SKIP","floor":48}],"player_experience":4966558,"relics_obtained":[{"floor":6.0,"key":"Thread and Needle"},{"floor":8.0,"key":"The Courier"},{"floor":9.0,"key":"Meat on the Bone"},{"floor":12.0,"key":"Question Card"},{"floor":23,"key":"Bottled Flame"},{"floor":25,"key":"Frozen Egg 2"},{"floor":26,"key":"Eternal Feather"},{"floor":27,"key":"Art of War"},{"floor":37,"key":"Lizard Tail"},{"floor":42,"key":"FossilizedHelix"},{"floor":43,"key":"Shovel"},{"floor":45,"key":"Bird Faced Urn"}],"event_choices":[{"damage_healed":0.0,"max_hp_gain":0.0,"max_hp_loss":0.0,"gold_gain":0.0,"event_name":"Living Wall","player_choice":"Grow","floor":4.0,"gold_loss":0.0,"damage_taken":0.0,"cards_upgraded":["Bash"]},{"damage_healed":0.0,"max_hp_gain":5.0,"max_hp_loss":0.0,"gold_gain":0.0,"event_name":"Big Fish","player_choice":"Donut","floor":5.0,"gold_loss":0.0,"damage_taken":0.0},{"damage_healed":0.0,"max_hp_gain":0.0,"max_hp_loss":0.0,"gold_gain":75.0,"event_name":"World of Goop","player_choice":"Gather Gold","floor":14.0,"gold_loss":0.0,"damage_taken":11.0},{"cards_removed":["Strike_R"],"damage_healed":0,"gold_gain":0,"player_choice":"Offered Basic","damage_taken":0,"max_hp_gain":0,"max_hp_loss":0,"event_name":"Bonfire Elementals","floor":19,"gold_loss":0},{"damage_healed":0,"gold_gain":0,"player_choice":"Fight","damage_taken":0,"max_hp_gain":0,"max_hp_loss":0,"event_name":"Mysterious Sphere","floor":37,"gold_loss":0},{"damage_healed":0,"gold_gain":0,"player_choice":"Upgraded","damage_taken":0,"max_hp_gain":0,"max_hp_loss":0,"event_name":"Upgrade Shrine","floor":38,"gold_loss":0,"cards_upgraded":["Limit Break"]},{"damage_healed":0,"gold_gain":0,"player_choice":"Paid","damage_taken":0,"relics_obtained":["Red Mask"],"max_hp_gain":0,"max_hp_loss":0,"event_name":"Tomb of Lord Red Mask","floor":47,"gold_loss":42}],"is_beta":false,"boss_relics":[{"not_picked":["SacredBark","Black Star"],"picked":"Philosopher\u0027s Stone"},{"not_picked":["Fusion Hammer","Astrolabe"],"picked":"Coffee Dripper"}],"items_purged_floors":[10,29,46],"is_endless":false,"potions_floor_spawned":[6,8,12,16,21,23,25,35,45,48],"ascension_level":15}