{"gold_per_floor":[211,222,297,143,163,163,191,191,191,191,210,237,237,248,248,248],"floor_reached":16,"playtime":417,"items_purged":["Strike_R"],"score":193,"play_id":"aabcdc7d-dedb-4741-ae0c-29953aa14147","local_time":"20211029123821","is_ascension_mode":true,"campfire_choices":[{"data":"Bash","floor":6,"key":"SMITH"},{"data":"Flex","floor":15,"key":"SMITH"}],"neow_cost":"NONE","seed_source_timestamp":66694225933900,"circlet_count":0,"master_deck":["AscendersBane","Strike_R","Strike_R","Strike_R","Strike_R","Defend_R","Defend_R","Defend_R","Defend_R","Bash+1","Whirlwind+1","Feel No Pain+1","Dropkick","Flex+1","Iron Wave","Twin Strike"],"relics":["Burning Blood","Paper Frog","Pantograph","Bag of Marbles"],"potions_floor_usage":[12],"damage_taken":[{"damage":9,"enemies":"Jaw Worm","floor":1,"turns":3},{"damage":0,"enemies":"Small Slimes","floor":2,"turns":2},{"damage":11,"enemies":"Cultist","floor":5,"turns":4},{"damage":47,"enemies":"Lagavulin","floor":7,"turns":7},{"damage":0,"enemies":"3 Louse","floor":11,"turns":1},{"damage":22,"enemies":"3 Sentries","floor":12,"turns":7},{"damage":17,"enemies":"Large Slime","floor":14,"turns":6},{"damage":33,"enemies":"The Guardian","floor":16,"turns":7}],"seed_played":"6616811446860954984","potions_obtained":[{"floor":7,"key":"BloodPotion"},{"floor":12,"key":"Fire Potion"}],"is_trial":false,"path_per_floor":["M","M","?","$","M","R","E","?","T","?","M","E","?","M","R","B"],"character_chosen":"IRONCLAD","items_purchased":["Feel No Pain"],"campfire_rested":0,"item_purchase_floors":[4],"current_hp_per_floor":[65,71,60,60,55,55,14,14,14,14,20,19,19,8,8,0],"gold":248,"neow_bonus":"HUNDRED_GOLD","is_prod":false,"is_daily":false,"chose_seed":false,"campfire_upgraded":2,"win_rate":0,"timestamp":1635536301,"path_taken":["M","M","?","$","M","R","E","?","T","?","?","E","?","M","R","BOSS"],"build_version":"2020-12-22","purchased_purges":1,"victory":false,"max_hp_per_floor":[75,75,75,75,75,75,75,75,75,75,75,75,75,75,75,75],"card_choices":[{"not_picked":["Havoc","Pummel"],"picked":"Whirlwind","floor":1},{"not_picked":["Wild Strike","True Grit","Heavy Blade"],"picked":"SKIP","floor":2},{"not_picked":["Seeing Red","True Grit"],"picked":"Dropkick","floor":5},{"not_picked":["Barricade","Body Slam","Bloodletting"],"picked":"SKIP","floor":7},{"not_picked":["Pommel Strike","Sword Boomerang"],"picked":"Flex","floor":11},{"not_picked":["Thunderclap","Heavy Blade"],"picked":"Iron Wave","floor":12},{"not_picked":["Pommel Strike","Wild Strike"],"picked":"Twin Strike","floor":14}],"player_experience":4971554,"relics_obtained":[{"floor":7,"key":"Paper Frog"},{"floor":9,"key":"Pantograph"},{"floor":12,"key":"Bag of Marbles"}],"event_choices":[{"damage_healed":0,"gold_gain":75,"player_choice":"Gather Gold","damage_taken":11,"max_hp_gain":0,"max_hp_loss":0,"event_name":"World of Goop","floor":3,"gold_loss":0},{"damage_healed":0,"gold_gain":0,"player_choice":"Grow","damage_taken":0,"max_hp_gain":0,"max_hp_loss":0,"event_name":"Living Wall","floor":8,"gold_loss":0,"cards_upgraded":["Whirlwind"]},{"damage_healed":0,"gold_gain":0,"player_choice":"Forge","damage_taken":0,"max_hp_gain":0,"max_hp_loss":0,"event_name":"Accursed Blacksmith","floor":10,"gold_loss":0,"cards_upgraded":["Feel No Pain"]},{"damage_healed":0,"gold_gain":0,"player_choice":"Ignored","damage_taken":0,"max_hp_gain":0,"max_hp_loss":0,"event_name":"Shining Light","floor":13,"gold_loss":0}],"is_beta":false,"boss_relics":[],"items_purged_floors":[4],"is_endless":false,"potions_floor_spawned":[7,12],"killed_by":"The Guardian","ascension_level":15}