{"gold_per_floor":[215,112,124,142,142,142,172,188,188,219,294,14,34,62,62,135,135,150,150,50,64,64,64,64,76,76,90,125,125,160,170,170,244,244,255,255,255,271,285,317,332,358,358,388,388,388,1,31,31,31],"floor_reached":51,"playtime":3164,"items_purged":["Strike_R","Strike_R"],"score":1422,"play_id":"8b67585d-17ce-4695-8789-fc91cb11a144","local_time":"20211025093357","is_ascension_mode":true,"campfire_choices":[{"data":"Bash","floor":6.0,"key":"SMITH"},{"data":"Spot Weakness","floor":15.0,"key":"SMITH"},{"data":"Demon Form","floor":23.0,"key":"SMITH"},{"data":"Clothesline","floor":29.0,"key":"SMITH"},{"data":"Offering","floor":32.0,"key":"SMITH"},{"data":"Limit Break","floor":46,"key":"SMITH"},{"data":"Shockwave","floor":49,"key":"SMITH"}],"neow_cost":"NONE","seed_source_timestamp":0,"circlet_count":0,"master_deck":["AscendersBane","Strike_R","Defend_R","Defend_R","Defend_R","Defend_R","Bash+1","Rampage","Iron Wave","Twin Strike","Offering+1","Clothesline+1","Spot Weakness+1","Sword Boomerang","Demon Form+1","Offering","Twin Strike","Thunderclap+1","Entrench+1","Impervious","Shrug It Off","Sword Boomerang+1","Limit Break+1","Shockwave+1","Iron Wave+1","Feel No Pain","Exhume"],"special_seed":0,"relics":["Burning Blood","Self Forming Clay","Calipers","Magic Flower","StoneCalendar","Vajra","Meat on the Bone","Philosopher\u0027s Stone","Dream Catcher","Pantograph","Pen Nib","Sozu","Omamori","Lantern","Mercury Hourglass","Centennial Puzzle","Torii","Mummified Hand"],"potions_floor_usage":[50],"damage_taken":[{"damage":6.0,"enemies":"Cultist","floor":1.0,"turns":3.0},{"damage":7.0,"enemies":"2 Louse","floor":3.0,"turns":3.0},{"damage":4.0,"enemies":"Jaw Worm","floor":4.0,"turns":4.0},{"damage":32.0,"enemies":"Lagavulin","floor":7.0,"turns":6.0},{"damage":9.0,"enemies":"Blue Slaver","floor":8.0,"turns":3.0},{"damage":16.0,"enemies":"Gremlin Nob","floor":10.0,"turns":4.0},{"damage":3.0,"enemies":"Exordium Thugs","floor":13.0,"turns":4.0},{"damage":11.0,"enemies":"Lagavulin","floor":14.0,"turns":7.0},{"damage":33.0,"enemies":"The Guardian","floor":16.0,"turns":6.0},{"damage":10.0,"enemies":"Chosen","floor":18.0,"turns":4.0},{"damage":18.0,"enemies":"3 Byrds","floor":21.0,"turns":3.0},{"damage":22.0,"enemies":"Centurion and Healer","floor":25.0,"turns":4.0},{"damage":6.0,"enemies":"Snecko","floor":27.0,"turns":3.0},{"damage":28.0,"enemies":"Gremlin Leader","floor":28.0,"turns":4.0},{"damage":24.0,"enemies":"Book of Stabbing","floor":30.0,"turns":3.0},{"damage":16.0,"enemies":"Cultist and Chosen","floor":31.0,"turns":4.0},{"damage":44.0,"enemies":"Champ","floor":33.0,"turns":5.0},{"damage":16.0,"enemies":"3 Shapes","floor":35.0,"turns":3.0},{"damage":8.0,"enemies":"Orb Walker","floor":38.0,"turns":2.0},{"damage":41.0,"enemies":"4 Shapes","floor":39.0,"turns":5.0},{"damage":30.0,"enemies":"Reptomancer","floor":40.0,"turns":5.0},{"damage":30.0,"enemies":"Transient","floor":41.0,"turns":5.0},{"damage":25.0,"enemies":"Giant Head","floor":42.0,"turns":6.0},{"damage":50.0,"enemies":"Reptomancer","floor":44.0,"turns":5.0},{"damage":13,"enemies":"Giant Head","floor":48,"turns":5},{"damage":54,"enemies":"Time Eater","floor":50,"turns":6}],"seed_played":"-8207897933824124290","potions_obtained":[{"floor":1.0,"key":"Regen Potion"},{"floor":14.0,"key":"SneckoOil"},{"floor":16.0,"key":"BloodPotion"},{"floor":21.0,"key":"BloodPotion"},{"floor":31.0,"key":"LiquidMemories"}],"is_trial":false,"path_per_floor":["M","?","M","M","?","R","E","M","T","E","?","$","M","E","R","B",null,"M","?","$","M","?","R","?","M","T","M","E","R","E","M","R","B",null,"M","?","?","M","M","E","M","E","T","E","?","R","$","E","R","B",null],"character_chosen":"IRONCLAD","items_purchased":["Vajra","Fire Potion","Torii","Feel No Pain"],"campfire_rested":0,"item_purchase_floors":[12,12,47,47],"current_hp_per_floor":[68,68,67,69,74,74,48,45,45,57,46,46,52,50,50,44,71,70,70,70,61,38,38,38,43,43,64,63,63,66,76,76,68,81,74,74,74,75,61,58,55,57,57,34,51,51,51,65,65,66],"gold":31,"neow_bonus":"HUNDRED_GOLD","is_prod":false,"is_daily":false,"chose_seed":false,"campfire_upgraded":7,"win_rate":0,"timestamp":1635179637,"path_taken":["M","?","M","?","?","R","E","M","T","E","?","$","M","E","R","BOSS","M","?","$","M","?","R","?","M","T","?","E","R","E","M","R","BOSS","M","?","?","M","M","E","M","E","T","E","?","R","$","E","R","BOSS"],"build_version":"2020-12-22","purchased_purges":2,"victory":true,"max_hp_per_floor":[75,75,75,75,80,80,80,80,80,80,80,80,80,80,80,80,80,80,80,80,80,85,85,85,85,85,85,85,85,85,85,85,85,85,85,85,85,85,85,85,85,85,85,85,85,85,85,85,85,85],"card_choices":[{"not_picked":["Body Slam","Havoc"],"picked":"Rampage","floor":1.0},{"not_picked":["Warcry","Sentinel"],"picked":"Iron Wave","floor":3.0},{"not_picked":["Perfected Strike","Sever Soul"],"picked":"Twin Strike","floor":4.0},{"not_picked":["Perfected Strike","Wild Strike"],"picked":"Offering","floor":7.0},{"not_picked":["Wild Strike","Sword Boomerang","Dual Wield"],"picked":"SKIP","floor":8.0},{"not_picked":["Pommel Strike","Warcry"],"picked":"Clothesline","floor":10.0},{"not_picked":["Inflame","Perfected Strike"],"picked":"Spot Weakness","floor":13.0},{"not_picked":["Thunderclap","Fiend Fire"],"picked":"Sword Boomerang","floor":14.0},{"not_picked":["Berserk","Exhume"],"picked":"Demon Form","floor":16.0},{"not_picked":["Sword Boomerang","Clothesline","Seeing Red"],"picked":"SKIP","floor":18.0},{"not_picked":["Twin Strike","Clothesline","Iron Wave"],"picked":"SKIP","floor":21.0},{"not_picked":["Clothesline","Iron Wave"],"picked":"Twin Strike","floor":21.0},{"not_picked":["Clothesline","Uppercut","Twin Strike"],"picked":"SKIP","floor":25.0},{"not_picked":["Seeing Red","Warcry"],"picked":"Thunderclap+1","floor":27.0},{"not_picked":["Sword Boomerang","Iron Wave"],"picked":"Entrench+1","floor":28.0},{"not_picked":["Warcry","Fire Breathing","Dual Wield"],"picked":"SKIP","floor":30.0},{"not_picked":["Havoc","Anger","Rampage"],"picked":"SKIP","floor":31.0},{"not_picked":["Fiend Fire","Offering"],"picked":"Impervious","floor":33.0},{"not_picked":["Thunderclap+1","Pommel Strike"],"picked":"Shrug It Off","floor":35.0},{"not_picked":["Evolve","Cleave"],"picked":"Sword Boomerang+1","floor":38.0},{"not_picked":["True Grit","Twin Strike","Sword Boomerang"],"picked":"SKIP","floor":39.0},{"not_picked":["Bloodletting","Headbutt"],"picked":"Limit Break","floor":40.0},{"not_picked":["Sword Boomerang","Warcry+1"],"picked":"Shockwave","floor":41.0},{"not_picked":["Warcry","Dark Embrace"],"picked":"Iron Wave+1","floor":42.0},{"not_picked":["Wild Strike+1","Twin Strike","Headbutt+1"],"picked":"SKIP","floor":44.0},{"not_picked":["Headbutt","Blood for Blood"],"picked":"Exhume","floor":48}],"player_experience":4958174,"relics_obtained":[{"floor":7.0,"key":"Calipers"},{"floor":9.0,"key":"Magic Flower"},{"floor":10.0,"key":"StoneCalendar"},{"floor":14.0,"key":"Meat on the Bone"},{"floor":26.0,"key":"Dream Catcher"},{"floor":28.0,"key":"Pantograph"},{"floor":30.0,"key":"Pen Nib"},{"floor":40.0,"key":"Omamori"},{"floor":42.0,"key":"Lantern"},{"floor":43.0,"key":"Mercury Hourglass"},{"floor":44.0,"key":"Centennial Puzzle"},{"floor":48,"key":"Mummified Hand"}],"event_choices":[{"damage_healed":0.0,"max_hp_gain":0.0,"max_hp_loss":0.0,"gold_gain":0.0,"event_name":"WeMeetAgain","player_choice":"Paid Gold","floor":2.0,"gold_loss":103.0,"damage_taken":0.0,"relics_obtained":["Self Forming Clay"]},{"damage_healed":0.0,"max_hp_gain":5.0,"max_hp_loss":0.0,"gold_gain":0.0,"event_name":"Big Fish","player_choice":"Donut","floor":5.0,"gold_loss":0.0,"damage_taken":0.0},{"damage_healed":0.0,"max_hp_gain":0.0,"max_hp_loss":0.0,"gold_gain":75.0,"event_name":"World of Goop","player_choice":"Gather Gold","floor":11.0,"gold_loss":0.0,"damage_taken":11.0},{"damage_healed":0.0,"max_hp_gain":0.0,"max_hp_loss":0.0,"gold_gain":0.0,"cards_transformed":["Strike_R","Strike_R"],"event_name":"Drug Dealer","player_choice":"Became Test Subject","floor":19.0,"gold_loss":0.0,"damage_taken":0.0,"cards_obtained":["Offering","Rampage"]},{"damage_healed":0.0,"max_hp_gain":5.0,"max_hp_loss":0.0,"gold_gain":0.0,"event_name":"Forgotten Altar","player_choice":"Shed Blood","floor":22.0,"gold_loss":0.0,"damage_taken":28.0},{"damage_healed":0.0,"max_hp_gain":0.0,"max_hp_loss":0.0,"gold_gain":0.0,"event_name":"Lab","player_choice":"Got Potions","floor":24.0,"gold_loss":0.0,"damage_taken":0.0},{"cards_removed":["Rampage"],"damage_healed":0.0,"max_hp_gain":0.0,"max_hp_loss":0.0,"gold_gain":0.0,"event_name":"Falling","player_choice":"Removed Attack","floor":36.0,"gold_loss":0.0,"damage_taken":0.0},{"damage_healed":0.0,"max_hp_gain":0.0,"max_hp_loss":0.0,"gold_gain":0.0,"event_name":"Tomb of Lord Red Mask","player_choice":"Ignored","floor":37.0,"gold_loss":0.0,"damage_taken":0.0},{"damage_healed":17,"gold_gain":0,"player_choice":"Writhe","damage_taken":0,"max_hp_gain":0,"max_hp_loss":0,"event_name":"Winding Halls","floor":45,"gold_loss":0,"cards_obtained":["Writhe"]}],"is_beta":false,"boss_relics":[{"not_picked":["SlaversCollar","Black Blood"],"picked":"Philosopher\u0027s Stone"},{"not_picked":["SacredBark","Black Star"],"picked":"Sozu"}],"items_purged_floors":[12,20],"is_endless":false,"potions_floor_spawned":[1,14,16,21,27,31,35,38,40,41,44],"ascension_level":15}