{"gold_per_floor":[114,114,133,133,21,51,70,103,141,165,177,89,89,117,117,194,194,212,212,87,2,17,17,44,44,44,44,73,86,86,102,102,179,179,197,197,216,216,216,251,251,25,25,25,55,55,80,106,106,106],"floor_reached":51,"playtime":1960,"items_purged":["Strike_R","Strike_R","Strike_R"],"score":1424,"play_id":"3508c46d-b048-47f3-95f0-b9a820b9fba2","local_time":"20211031222825","is_ascension_mode":true,"campfire_choices":[{"data":"Juggernaut","floor":11.0,"key":"SMITH"},{"data":"Feel No Pain","floor":13.0,"key":"SMITH"},{"data":"Metallicize","floor":15.0,"key":"SMITH"},{"data":"Uppercut","floor":23.0,"key":"SMITH"},{"floor":25.0,"key":"REST"},{"floor":32.0,"key":"REST"},{"data":"Burning Pact","floor":41,"key":"SMITH"},{"data":"Disarm","floor":44,"key":"SMITH"},{"data":"Offering","floor":46,"key":"SMITH"},{"data":"True Grit","floor":49,"key":"SMITH"}],"neow_cost":"NONE","seed_source_timestamp":30237590350300,"circlet_count":0,"master_deck":["AscendersBane","Strike_R","Strike_R+1","Defend_R","Defend_R","Defend_R","Defend_R","Bash+1","Anger+1","Feel No Pain+1","Metallicize+1","Juggernaut+1","Iron Wave","Burning Pact+1","Iron Wave+1","Ghostly Armor","Offering+1","Uppercut+1","Warcry+1","Shrug It Off","Barricade+1","Entrench+1","Feel No Pain+1","Disarm+1","Exhume","True Grit+1","Entrench"],"special_seed":0,"relics":["Burning Blood","Nunchaku","MawBank","Blood Vial","Whetstone","Sozu","Art of War","Frozen Egg 2","StrikeDummy","Enchiridion","Charon\u0027s Ashes","SlaversCollar","Happy Flower","Bag of Preparation","Oddly Smooth Stone","Dream Catcher","Calipers","Shuriken"],"potions_floor_usage":[50],"damage_taken":[{"damage":3.0,"enemies":"2 Louse","floor":1.0,"turns":4.0},{"damage":6.0,"enemies":"Cultist","floor":3.0,"turns":3.0},{"damage":14.0,"enemies":"3 Sentries","floor":6.0,"turns":12.0},{"damage":4.0,"enemies":"Small Slimes","floor":7.0,"turns":4.0},{"damage":9.0,"enemies":"Lagavulin","floor":8.0,"turns":7.0},{"damage":4.0,"enemies":"Blue Slaver","floor":10.0,"turns":4.0},{"damage":14.0,"enemies":"3 Sentries","floor":14.0,"turns":6.0},{"damage":22.0,"enemies":"Hexaghost","floor":16.0,"turns":9.0},{"damage":17.0,"enemies":"2 Thieves","floor":18.0,"turns":4.0},{"damage":6.0,"enemies":"Shell Parasite","floor":22.0,"turns":4.0},{"damage":42.0,"enemies":"Slavers","floor":24.0,"turns":5.0},{"damage":14.0,"enemies":"Book of Stabbing","floor":28.0,"turns":4.0},{"damage":8.0,"enemies":"Snake Plant","floor":29.0,"turns":4.0},{"damage":15.0,"enemies":"Sentry and Sphere","floor":31.0,"turns":4.0},{"damage":38.0,"enemies":"Automaton","floor":33.0,"turns":9.0},{"damage":25.0,"enemies":"3 Darklings","floor":35.0,"turns":5.0},{"damage":0,"enemies":"Orb Walker","floor":37,"turns":5},{"damage":0,"enemies":"Nemesis","floor":40,"turns":13},{"damage":0,"enemies":"Giant Head","floor":45,"turns":8},{"damage":6,"enemies":"Mind Bloom Boss Battle","floor":47,"turns":5},{"damage":19,"enemies":"Reptomancer","floor":48,"turns":5},{"damage":24,"enemies":"Time Eater","floor":50,"turns":9}],"seed_played":"6881929829794048623","potions_obtained":[{"floor":6.0,"key":"DistilledChaos"},{"floor":8.0,"key":"DuplicationPotion"}],"is_trial":false,"path_per_floor":["M","?","M","?","$","E","M","E","T","M","R","$","R","E","R","B",null,"M","?","$","?","M","R","E","R","T","?","E","M","$","M","R","B",null,"M","?","M","?","?","E","R","$","T","R","E","R","?","E","R","B",null],"character_chosen":"IRONCLAD","items_purchased":["Metallicize","Disarm","Bag of Preparation"],"campfire_rested":2,"item_purchase_floors":[5,42,42],"current_hp_per_floor":[71,71,71,71,71,63,65,62,62,66,66,66,66,60,60,46,68,59,59,59,59,61,61,27,49,49,28,22,22,22,15,37,7,58,41,41,49,49,49,57,57,57,57,57,65,65,67,56,56,40],"gold":106,"neow_bonus":"UPGRADE_CARD","is_prod":false,"is_daily":false,"chose_seed":false,"campfire_upgraded":8,"win_rate":0,"timestamp":1635744505,"path_taken":["M","?","M","?","$","E","M","E","T","M","R","$","R","E","R","BOSS","M","?","$","?","M","R","E","R","T","?","E","M","$","M","R","BOSS","M","?","M","?","?","E","R","$","T","R","E","R","?","E","R","BOSS"],"build_version":"2020-12-22","purchased_purges":3,"victory":true,"max_hp_per_floor":[75,75,75,75,75,75,75,75,75,75,75,75,75,75,75,75,75,75,75,75,75,75,75,75,75,75,75,75,75,75,75,75,75,75,75,75,75,75,71,71,71,71,71,71,71,71,71,71,71,71],"card_choices":[{"not_picked":["Heavy Blade","Iron Wave"],"picked":"Anger","floor":1.0},{"not_picked":["Thunderclap","Headbutt"],"picked":"Feel No Pain","floor":3.0},{"not_picked":["Hemokinesis","Iron Wave"],"picked":"Juggernaut","floor":6.0},{"not_picked":["Blood for Blood","Dropkick"],"picked":"Iron Wave","floor":7.0},{"not_picked":["Sword Boomerang","Headbutt"],"picked":"Burning Pact","floor":8.0},{"not_picked":["Wild Strike","Heavy Blade"],"picked":"Iron Wave","floor":10.0},{"not_picked":["Sever Soul","Clash"],"picked":"Ghostly Armor","floor":14.0},{"not_picked":["Berserk","Brutality"],"picked":"Offering","floor":16.0},{"not_picked":["Warcry","Twin Strike"],"picked":"Uppercut","floor":18.0},{"not_picked":["Twin Strike","Infernal Blade","Fire Breathing"],"picked":"SKIP","floor":22.0},{"not_picked":["Thunderclap","Hemokinesis"],"picked":"Warcry+1","floor":24.0},{"not_picked":["Inflame+1","Clothesline"],"picked":"Shrug It Off","floor":28.0},{"not_picked":["Inflame+1","Warcry","Clothesline"],"picked":"SKIP","floor":29.0},{"not_picked":["Perfected Strike","Hemokinesis","Infernal Blade"],"picked":"SKIP","floor":31.0},{"not_picked":["Double Tap","Feed"],"picked":"Barricade+1","floor":33.0},{"not_picked":["Warcry","Perfected Strike"],"picked":"Entrench+1","floor":35.0},{"not_picked":["Pommel Strike","Heavy Blade","Blood for Blood"],"picked":"SKIP","floor":37},{"not_picked":["Pommel Strike","True Grit"],"picked":"Feel No Pain+1","floor":40},{"not_picked":["Twin Strike+1","Shrug It Off"],"picked":"Exhume","floor":45},{"not_picked":["Perfected Strike","Second Wind"],"picked":"True Grit","floor":47},{"not_picked":["Feed","Havoc"],"picked":"Entrench","floor":48}],"player_experience":4972977,"relics_obtained":[{"floor":6.0,"key":"Nunchaku"},{"floor":8.0,"key":"MawBank"},{"floor":9.0,"key":"Blood Vial"},{"floor":14.0,"key":"Whetstone"},{"floor":24.0,"key":"Frozen Egg 2"},{"floor":26.0,"key":"StrikeDummy"},{"floor":27.0,"key":"Enchiridion"},{"floor":28.0,"key":"Charon\u0027s Ashes"},{"floor":40,"key":"Happy Flower"},{"floor":43,"key":"Oddly Smooth Stone"},{"floor":45,"key":"Dream Catcher"},{"floor":47,"key":"Calipers"},{"floor":48,"key":"Shuriken"}],"event_choices":[{"damage_healed":0.0,"max_hp_gain":0.0,"max_hp_loss":0.0,"gold_gain":0.0,"event_name":"Shining Light","player_choice":"Ignored","floor":2.0,"gold_loss":0.0,"damage_taken":0.0},{"damage_healed":0.0,"max_hp_gain":0.0,"max_hp_loss":0.0,"gold_gain":0.0,"event_name":"Upgrade Shrine","player_choice":"Upgraded","floor":4.0,"gold_loss":0.0,"damage_taken":0.0,"cards_upgraded":["Anger"]},{"damage_healed":0.0,"max_hp_gain":0.0,"max_hp_loss":0.0,"gold_gain":0.0,"event_name":"The Mausoleum","player_choice":"Ignored","floor":19.0,"gold_loss":0.0,"damage_taken":0.0},{"damage_healed":0.0,"max_hp_gain":0.0,"max_hp_loss":0.0,"gold_gain":0.0,"event_name":"Addict","player_choice":"Obtained Relic","floor":21.0,"gold_loss":85.0,"damage_taken":0.0,"relics_obtained":["Art of War"]},{"damage_healed":0.0,"max_hp_gain":0.0,"max_hp_loss":0.0,"gold_gain":0.0,"event_name":"Cursed Tome","player_choice":"Obtained Book","floor":27.0,"gold_loss":0.0,"damage_taken":21.0},{"damage_healed":0,"gold_gain":0,"player_choice":"Ignored","damage_taken":0,"max_hp_gain":0,"max_hp_loss":0,"event_name":"Mysterious Sphere","floor":36,"gold_loss":0},{"damage_healed":0,"gold_gain":0,"player_choice":"Ignored","damage_taken":0,"max_hp_gain":0,"max_hp_loss":0,"event_name":"Tomb of Lord Red Mask","floor":38,"gold_loss":0},{"damage_healed":0,"gold_gain":0,"player_choice":"Max HP","damage_taken":0,"max_hp_gain":0,"max_hp_loss":4,"event_name":"Winding Halls","floor":39,"gold_loss":0},{"damage_healed":0,"gold_gain":0,"player_choice":"Fight","damage_taken":0,"max_hp_gain":0,"max_hp_loss":0,"event_name":"MindBloom","floor":47,"gold_loss":0}],"is_beta":false,"boss_relics":[{"not_picked":["SacredBark","Philosopher\u0027s Stone"],"picked":"Sozu"},{"not_picked":["Astrolabe","Black Star"],"picked":"SlaversCollar"}],"items_purged_floors":[5,12,20],"is_endless":false,"potions_floor_spawned":[6,8,16,18,24,29,37,47],"ascension_level":15}