{"gold_per_floor":[115,131,144,154,79,79,105,117,129,141,171,215,227,274,286,370,382,413,276,276,16,26,58,71,71,71,71,98,62,23,33,33,112,112,128,143,143,143,163,193,193,223,249,249,264,119,148,2,2,2],"floor_reached":51,"playtime":1926,"items_purged":["Strike_R"],"score":1391,"play_id":"641c4f49-01a0-4040-990c-3c5f5891eb3d","local_time":"20211107204433","is_ascension_mode":true,"campfire_choices":[{"data":"Bash","floor":6.0,"key":"SMITH"},{"data":"Uppercut","floor":8.0,"key":"SMITH"},{"data":"Spot Weakness","floor":10.0,"key":"SMITH"},{"data":"Disarm","floor":13.0,"key":"SMITH"},{"data":"True Grit","floor":15.0,"key":"SMITH"},{"floor":25.0,"key":"REST"},{"floor":32.0,"key":"REST"},{"floor":41.0,"key":"RECALL"}],"neow_cost":"NONE","seed_source_timestamp":0,"circlet_count":0,"master_deck":["AscendersBane","Strike_R+1","Strike_R+1","Defend_R+1","Defend_R+1","Defend_R+1","Defend_R+1","Bash+1","Spot Weakness+1","Heavy Blade+1","Pommel Strike+1","Uppercut+1","Immolate","Disarm+1","True Grit+1","Corruption","Shrug It Off","Power Through","Battle Trance","Warcry+1","Combust","Ghostly Armor","Armaments","Reaper","Dropkick","Finesse","The Bomb","Twin Strike+1","Exhume","True Grit+1","Armaments+1","Spot Weakness+1"],"special_seed":0,"relics":["Burning Blood","NeowsBlessing","MawBank","Bag of Preparation","Singing Bowl","Paper Frog","Fusion Hammer","Meat on the Bone","Ice Cream","Blue Candle","Orichalcum","Coffee Dripper","Smiling Mask","Letter Opener","Whetstone","Lee\u0027s Waffle","Du-Vu Doll","DollysMirror"],"potions_floor_usage":[50],"damage_taken":[{"damage":0.0,"enemies":"Jaw Worm","floor":1.0,"turns":1.0},{"damage":0.0,"enemies":"Small Slimes","floor":2.0,"turns":1.0},{"damage":1.0,"enemies":"2 Louse","floor":3.0,"turns":2.0},{"damage":12.0,"enemies":"Exordium Wildlife","floor":4.0,"turns":5.0},{"damage":32.0,"enemies":"Lagavulin","floor":7.0,"turns":9.0},{"damage":14.0,"enemies":"3 Louse","floor":11.0,"turns":4.0},{"damage":15.0,"enemies":"3 Sentries","floor":12.0,"turns":4.0},{"damage":10.0,"enemies":"Gremlin Nob","floor":14.0,"turns":4.0},{"damage":13.0,"enemies":"Hexaghost","floor":16.0,"turns":8.0},{"damage":27.0,"enemies":"2 Thieves","floor":18.0,"turns":4.0},{"damage":16.0,"enemies":"3 Byrds","floor":22.0,"turns":6.0},{"damage":26.0,"enemies":"Book of Stabbing","floor":23.0,"turns":5.0},{"damage":12.0,"enemies":"Centurion and Healer","floor":24.0,"turns":7.0},{"damage":6.0,"enemies":"Slavers","floor":28.0,"turns":4.0},{"damage":5.0,"enemies":"Snecko","floor":31.0,"turns":3.0},{"damage":53.0,"enemies":"Automaton","floor":33.0,"turns":9.0},{"damage":15.0,"enemies":"3 Darklings","floor":35.0,"turns":5.0},{"damage":12.0,"enemies":"3 Shapes","floor":36.0,"turns":4.0},{"damage":25.0,"enemies":"Maw","floor":39.0,"turns":7.0},{"damage":30.0,"enemies":"Nemesis","floor":40.0,"turns":7.0},{"damage":32.0,"enemies":"Reptomancer","floor":42.0,"turns":5.0},{"damage":4.0,"enemies":"Jaw Worm Horde","floor":45.0,"turns":6.0},{"damage":65,"enemies":"Giant Head","floor":47,"turns":8},{"damage":45,"enemies":"Awakened One","floor":50,"turns":7}],"seed_played":"-3672806308224240117","potions_obtained":[{"floor":1.0,"key":"AttackPotion"},{"floor":2.0,"key":"BlessingOfTheForge"},{"floor":4.0,"key":"Ancient Potion"},{"floor":12.0,"key":"Block Potion"},{"floor":22.0,"key":"Explosive Potion"},{"floor":28.0,"key":"Explosive Potion"},{"floor":31.0,"key":"Strength Potion"},{"floor":42.0,"key":"Fire Potion"},{"floor":45.0,"key":"Energy Potion"}],"is_trial":false,"path_per_floor":["M","M","M","M","?","R","E","R","T","R","M","E","R","E","R","B",null,"M","$","?","$","M","E","M","R","T","?","E","$","$","M","R","B",null,"M","M","?","?","M","E","R","E","T","?","M","$","E","$","R","B",null],"character_chosen":"IRONCLAD","items_purchased":["Shrug It Off","Strength Potion","Meat on the Bone","Combust","Ghostly Armor","Lee\u0027s Waffle","DollysMirror"],"campfire_rested":2,"item_purchase_floors":[19,19,21,29,30,46,48],"current_hp_per_floor":[74,75,75,69,69,69,43,43,43,43,35,26,26,22,22,15,60,41,41,41,41,43,35,41,64,64,64,66,66,66,67,79,44,70,79,81,81,73,56,45,45,38,38,38,59,92,58,58,58,62],"gold":2,"neow_bonus":"THREE_ENEMY_KILL","is_prod":false,"is_daily":false,"chose_seed":false,"campfire_upgraded":5,"win_rate":0,"timestamp":1636346673,"path_taken":["M","M","M","M","?","R","E","R","T","R","M","E","R","E","R","BOSS","M","$","?","$","M","E","M","R","T","?","E","?","$","M","R","BOSS","M","M","?","?","M","E","R","E","T","?","?","$","E","$","R","BOSS"],"build_version":"2020-12-22","purchased_purges":1,"victory":true,"max_hp_per_floor":[75,75,75,75,75,75,75,75,75,75,75,75,75,75,75,75,75,77,77,77,77,77,77,77,77,77,77,79,79,79,79,79,79,79,79,81,81,83,85,85,85,85,85,85,85,92,92,92,92,92],"card_choices":[{"not_picked":["Perfected Strike","Combust"],"picked":"Spot Weakness","floor":1.0},{"not_picked":["Clash","Headbutt"],"picked":"Heavy Blade","floor":2.0},{"not_picked":["Dual Wield","Flex","Heavy Blade"],"picked":"SKIP","floor":3.0},{"not_picked":["Warcry","Wild Strike"],"picked":"Pommel Strike","floor":4.0},{"not_picked":["Searing Blow","True Grit"],"picked":"Uppercut","floor":7.0},{"not_picked":["Sever Soul","Iron Wave"],"picked":"Immolate","floor":11.0},{"not_picked":["Clash","Wild Strike"],"picked":"Disarm","floor":12.0},{"not_picked":["Armaments","Havoc"],"picked":"True Grit","floor":14.0},{"not_picked":["Barricade","Immolate"],"picked":"Corruption","floor":16.0},{"not_picked":["Perfected Strike","Second Wind","Flex"],"picked":"Singing Bowl","floor":18.0},{"not_picked":["Sentinel","Warcry"],"picked":"Power Through","floor":22.0},{"not_picked":["Twin Strike","Warcry"],"picked":"Battle Trance","floor":23.0},{"not_picked":["Cleave","Body Slam"],"picked":"Warcry+1","floor":24.0},{"not_picked":["Blood for Blood","Sword Boomerang","Armaments"],"picked":"Singing Bowl","floor":28.0},{"not_picked":["Iron Wave","Wild Strike+1"],"picked":"Armaments","floor":31.0},{"not_picked":["Double Tap","Demon Form"],"picked":"Reaper","floor":33.0},{"not_picked":["Thunderclap","Clash"],"picked":"Dropkick","floor":35.0},{"not_picked":["Havoc+1","Warcry","Wild Strike+1"],"picked":"Singing Bowl","floor":36.0},{"not_picked":["Dramatic Entrance","Flash of Steel"],"picked":"Finesse","floor":38.0},{"not_picked":["Mind Blast","Forethought","Flash of Steel"],"picked":"Singing Bowl","floor":38.0},{"not_picked":["Secret Technique","Madness"],"picked":"The Bomb","floor":38.0},{"not_picked":["Combust+1","Rage","Cleave"],"picked":"Singing Bowl","floor":39.0},{"not_picked":["Fire Breathing+1","Body Slam"],"picked":"Twin Strike+1","floor":40.0},{"not_picked":["Shrug It Off","Inflame"],"picked":"Exhume","floor":42.0},{"not_picked":["Heavy Blade","Armaments"],"picked":"True Grit+1","floor":45.0},{"not_picked":["Intimidate","Reaper"],"picked":"Armaments+1","floor":47}],"player_experience":4978040,"relics_obtained":[{"floor":7.0,"key":"MawBank"},{"floor":9.0,"key":"Bag of Preparation"},{"floor":12.0,"key":"Singing Bowl"},{"floor":14.0,"key":"Paper Frog"},{"floor":23.0,"key":"Ice Cream"},{"floor":26.0,"key":"Blue Candle"},{"floor":28.0,"key":"Orichalcum"},{"floor":40.0,"key":"Smiling Mask"},{"floor":42.0,"key":"Letter Opener"},{"floor":43.0,"key":"Whetstone"},{"floor":47,"key":"Du-Vu Doll"}],"event_choices":[{"cards_removed":["Strike_R"],"damage_healed":0.0,"max_hp_gain":0.0,"max_hp_loss":0.0,"gold_gain":0.0,"event_name":"The Cleric","player_choice":"Card Removal","floor":5.0,"gold_loss":75.0,"damage_taken":0.0},{"damage_healed":0.0,"max_hp_gain":0.0,"max_hp_loss":0.0,"gold_gain":0.0,"event_name":"The Mausoleum","player_choice":"Ignored","floor":20.0,"gold_loss":0.0,"damage_taken":0.0},{"damage_healed":0.0,"max_hp_gain":0.0,"max_hp_loss":0.0,"gold_gain":0.0,"event_name":"Back to Basics","player_choice":"Simplicity","floor":27.0,"gold_loss":0.0,"damage_taken":0.0,"cards_upgraded":["Strike_R","Strike_R","Strike_R","Defend_R","Defend_R","Defend_R","Defend_R"]},{"cards_removed":["Strike_R"],"damage_healed":0.0,"max_hp_gain":0.0,"max_hp_loss":0.0,"gold_gain":0.0,"event_name":"Falling","player_choice":"Removed Attack","floor":37.0,"gold_loss":0.0,"damage_taken":0.0},{"damage_healed":0.0,"max_hp_gain":0.0,"max_hp_loss":0.0,"gold_gain":0.0,"event_name":"SensoryStone","player_choice":"Memory 3","floor":38.0,"gold_loss":0.0,"damage_taken":10.0},{"damage_healed":0.0,"max_hp_gain":0.0,"max_hp_loss":0.0,"gold_gain":0.0,"event_name":"Tomb of Lord Red Mask","player_choice":"Ignored","floor":44.0,"gold_loss":0.0,"damage_taken":0.0}],"is_beta":false,"boss_relics":[{"not_picked":["Black Star","Runic Dome"],"picked":"Fusion Hammer"},{"not_picked":["Black Blood","Mark of Pain"],"picked":"Coffee Dripper"}],"items_purged_floors":[19],"is_endless":false,"potions_floor_spawned":[1,2,4,12,22,28,31,42,45],"ascension_level":15}