{"gold_per_floor":[115,34,34,48,61,61,78,78,78,53,53,87,36,71,71,142,142,158,158,172,97,97,126,176,194,241,283,292,323,323,349,349,430,430,451,451,110,125,20,20,47,47,115,134,159,193,193,31,31,31],"floor_reached":50,"playtime":1611,"items_purged":["Strike_R","Strike_R","Strike_R"],"score":1073,"play_id":"1ef4b2be-f6d9-4266-855e-9c7b82b7dde4","local_time":"20211106114709","is_ascension_mode":true,"campfire_choices":[{"data":"Bash","floor":6.0,"key":"SMITH"},{"data":"Uppercut","floor":8.0,"key":"SMITH"},{"data":"Combust","floor":11.0,"key":"SMITH"},{"data":"Wild Strike","floor":15.0,"key":"SMITH"},{"floor":30.0,"key":"REST"},{"data":"J.A.X.","floor":32.0,"key":"SMITH"},{"data":"Rupture","floor":40,"key":"SMITH"},{"floor":42,"key":"REST"},{"floor":47,"key":"REST"},{"data":"Limit Break","floor":49,"key":"SMITH"}],"neow_cost":"NONE","seed_source_timestamp":101439367416400,"circlet_count":0,"master_deck":["AscendersBane","Strike_R","Defend_R","Defend_R","Defend_R","Defend_R","Bash+1","Wild Strike+1","Combust+1","Heavy Blade","Iron Wave","Uppercut+1","Battle Trance","Offering","Immolate","Hemokinesis","Ghostly Armor","Shockwave","J.A.X.+1","Fire Breathing+1","Limit Break+1","Battle Trance","True Grit+1","Rupture+1","Metallicize","Sentinel+1","True Grit+1","Armaments+1","Dark Embrace"],"special_seed":0,"relics":["Black Blood","Self Forming Clay","Oddly Smooth Stone","Nunchaku","Turnip","CeramicFish","Pen Nib","Kunai","Mark of Pain","Membership Card","Toxic Egg 2","Red Skull","Blue Candle","MealTicket","Lee\u0027s Waffle"],"potions_floor_usage":[33,50,50,50],"damage_taken":[{"damage":18.0,"enemies":"Jaw Worm","floor":1.0,"turns":4.0},{"damage":3.0,"enemies":"Cultist","floor":4.0,"turns":3.0},{"damage":10.0,"enemies":"Small Slimes","floor":5.0,"turns":4.0},{"damage":2.0,"enemies":"3 Louse","floor":7.0,"turns":3.0},{"damage":16.0,"enemies":"Exordium Thugs","floor":10.0,"turns":5.0},{"damage":11.0,"enemies":"Lagavulin","floor":12.0,"turns":5.0},{"damage":14.0,"enemies":"3 Sentries","floor":14.0,"turns":6.0},{"damage":10.0,"enemies":"Slime Boss","floor":16.0,"turns":5.0},{"damage":5.0,"enemies":"Chosen","floor":18.0,"turns":5.0},{"damage":14.0,"enemies":"Shell Parasite","floor":20.0,"turns":5.0},{"damage":31.0,"enemies":"Book of Stabbing","floor":23.0,"turns":4.0},{"damage":15.0,"enemies":"3 Cultists","floor":25.0,"turns":4.0},{"damage":29.0,"enemies":"Slavers","floor":27.0,"turns":4.0},{"damage":20.0,"enemies":"Book of Stabbing","floor":29.0,"turns":4.0},{"damage":5.0,"enemies":"Centurion and Healer","floor":31.0,"turns":5.0},{"damage":55,"enemies":"Champ","floor":33,"turns":8},{"damage":23,"enemies":"3 Shapes","floor":35,"turns":2},{"damage":9,"enemies":"Orb Walker","floor":38,"turns":3},{"damage":29,"enemies":"Transient","floor":41,"turns":5},{"damage":21,"enemies":"Writhing Mass","floor":44,"turns":3},{"damage":18,"enemies":"3 Darklings","floor":45,"turns":4},{"damage":44,"enemies":"Reptomancer","floor":46,"turns":6},{"damage":138,"enemies":"Time Eater","floor":50,"turns":10}],"seed_played":"-7811379307829827595","potions_obtained":[{"floor":5.0,"key":"LiquidMemories"},{"floor":14.0,"key":"Explosive Potion"},{"floor":16.0,"key":"Swift Potion"},{"floor":23.0,"key":"HeartOfIron"},{"floor":29.0,"key":"FearPotion"},{"floor":33,"key":"Weak Potion"},{"floor":44,"key":"GamblersBrew"},{"floor":45,"key":"EntropicBrew"}],"is_trial":false,"path_per_floor":["M","$","?","M","M","R","M","R","T","M","R","E","$","E","R","B",null,"M","?","M","$","?","E","?","M","T","E","?","E","R","M","R","B",null,"M","?","$","M","$","R","M","R","T","M","M","E","R","$","R","B"],"character_chosen":"IRONCLAD","items_purchased":["Combust","Fire Potion","Membership Card","Toxic Egg 2","True Grit+1","Red Skull","Rupture","Lee\u0027s Waffle","Armaments+1","Dark Embrace"],"campfire_rested":3,"item_purchase_floors":[2,13,37,37,37,39,39,48,48,48],"current_hp_per_floor":[63,63,63,66,62,62,66,66,66,56,56,51,51,43,43,39,71,78,78,76,76,76,57,57,54,54,37,37,29,53,60,60,17,66,55,55,55,58,58,58,41,65,65,56,50,18,42,89,89,0],"gold":31,"neow_bonus":"TEN_PERCENT_HP_BONUS","is_prod":false,"is_daily":false,"chose_seed":false,"campfire_upgraded":7,"win_rate":0,"timestamp":1636224429,"path_taken":["M","$","?","M","M","R","M","R","T","M","R","E","?","E","R","BOSS","M","?","M","?","?","E","?","M","T","E","?","E","R","M","R","BOSS","M","?","$","M","$","R","?","R","T","?","M","E","R","$","R","BOSS"],"build_version":"2020-12-22","purchased_purges":3,"victory":false,"max_hp_per_floor":[82,82,82,82,82,82,82,82,82,82,82,82,82,82,82,82,82,82,82,82,82,82,82,82,82,82,82,82,82,82,82,82,82,82,82,82,82,82,82,82,82,82,82,82,82,82,82,89,89,89],"card_choices":[{"not_picked":["Heavy Blade","Entrench"],"picked":"Wild Strike","floor":1.0},{"not_picked":["Entrench","Havoc"],"picked":"Heavy Blade","floor":4.0},{"not_picked":["Armaments","Twin Strike"],"picked":"Iron Wave","floor":5.0},{"not_picked":["Pommel Strike","Warcry"],"picked":"Uppercut","floor":7.0},{"not_picked":["Dark Embrace","Infernal Blade","Juggernaut"],"picked":"SKIP","floor":10.0},{"not_picked":["Body Slam","Clash"],"picked":"Battle Trance","floor":12.0},{"not_picked":["Clash","Wild Strike"],"picked":"Offering","floor":14.0},{"not_picked":["Exhume","Juggernaut"],"picked":"Immolate","floor":16.0},{"not_picked":["Searing Blow","Battle Trance+1"],"picked":"Hemokinesis","floor":18.0},{"not_picked":["Wild Strike","Flex","Havoc"],"picked":"SKIP","floor":20.0},{"not_picked":["Sword Boomerang","Uppercut","Burning Pact"],"picked":"SKIP","floor":23.0},{"not_picked":["Dropkick","Clash"],"picked":"Ghostly Armor","floor":25.0},{"not_picked":["Exhume","Sword Boomerang"],"picked":"Shockwave","floor":27.0},{"not_picked":["Flex","Sentinel","Clash"],"picked":"SKIP","floor":29.0},{"not_picked":["Hemokinesis+1","True Grit"],"picked":"Fire Breathing+1","floor":31.0},{"not_picked":["Demon Form","Corruption"],"picked":"Limit Break","floor":33},{"not_picked":["Body Slam+1","Clothesline+1"],"picked":"Battle Trance","floor":35},{"not_picked":["Headbutt","Cleave+1","Body Slam"],"picked":"SKIP","floor":38},{"not_picked":["Body Slam","Heavy Blade"],"picked":"Metallicize","floor":41},{"not_picked":["Metallicize","Whirlwind","Headbutt"],"picked":"SKIP","floor":44},{"not_picked":["Body Slam","Searing Blow"],"picked":"Sentinel+1","floor":45},{"not_picked":["Double Tap+1","Anger"],"picked":"True Grit+1","floor":46}],"player_experience":4976429,"relics_obtained":[{"floor":9.0,"key":"Self Forming Clay"},{"floor":12.0,"key":"Oddly Smooth Stone"},{"floor":14.0,"key":"Nunchaku"},{"floor":23.0,"key":"Turnip"},{"floor":26.0,"key":"CeramicFish"},{"floor":27.0,"key":"Pen Nib"},{"floor":29.0,"key":"Kunai"},{"floor":43,"key":"Blue Candle"},{"floor":46,"key":"MealTicket"}],"event_choices":[{"cards_removed":["Strike_R"],"damage_healed":0.0,"max_hp_gain":0.0,"max_hp_loss":0.0,"gold_gain":0.0,"event_name":"Purifier","player_choice":"Purged","floor":3.0,"gold_loss":0.0,"damage_taken":0.0},{"damage_healed":0.0,"max_hp_gain":0.0,"max_hp_loss":0.0,"gold_gain":0.0,"event_name":"Ghosts","player_choice":"Ignored","floor":19.0,"gold_loss":0.0,"damage_taken":0.0},{"damage_healed":0.0,"max_hp_gain":0.0,"max_hp_loss":0.0,"gold_gain":0.0,"event_name":"Vampires","player_choice":"Ignored","floor":22.0,"gold_loss":0.0,"damage_taken":0.0},{"damage_healed":0.0,"max_hp_gain":0.0,"max_hp_loss":0.0,"gold_gain":50.0,"event_name":"Nest","player_choice":"Stole From Cult","floor":24.0,"gold_loss":0.0,"damage_taken":0.0},{"damage_healed":0.0,"max_hp_gain":0.0,"max_hp_loss":0.0,"gold_gain":0.0,"event_name":"Drug Dealer","player_choice":"Obtain J.A.X.","floor":28.0,"gold_loss":0.0,"damage_taken":0.0,"cards_obtained":["J.A.X."]},{"damage_healed":0,"gold_gain":0,"player_choice":"Ignored","damage_taken":0,"max_hp_gain":0,"max_hp_loss":0,"event_name":"SecretPortal","floor":36,"gold_loss":0}],"is_beta":false,"boss_relics":[{"not_picked":["Runic Cube","Busted Crown"],"picked":"Black Blood"},{"not_picked":["Tiny House","Runic Pyramid"],"picked":"Mark of Pain"}],"items_purged_floors":[21,37,48],"is_endless":false,"potions_floor_spawned":[5,14,16,23,27,29,33,35,38,44,45],"killed_by":"Time Eater","ascension_level":15}