{"gold_per_floor":[119,136,136,156,169,169,179,207,207,240,258,258,40,40,40,117,417,431,431,19,33,33,33,58,58,58,69,69,69,103,115,115,189,189,202,252,331,345,365,404,404,424,449,477,499,535,535,555,564,564],"floor_reached":51,"playtime":1767,"items_purged":["Pain","Strike_R+1"],"score":1452,"play_id":"8c01531a-d6e8-4ed7-a8c4-7d52fd75ac20","local_time":"20211128180537","is_ascension_mode":true,"campfire_choices":[{"data":"Shockwave","floor":6.0,"key":"SMITH"},{"data":"Inflame","floor":12.0,"key":"SMITH"},{"data":"Spot Weakness","floor":15.0,"key":"SMITH"},{"data":"Disarm","floor":23.0,"key":"SMITH"},{"data":"Cleave","floor":25,"key":"SMITH"},{"data":"Flame Barrier","floor":28,"key":"SMITH"},{"data":"Offering","floor":32,"key":"SMITH"},{"data":"Limit Break","floor":47,"key":"SMITH"},{"floor":49,"key":"REST"}],"neow_cost":"NONE","seed_source_timestamp":35798010001300,"circlet_count":0,"master_deck":["AscendersBane","Strike_R+1","Strike_R+1","Strike_R+1","Defend_R+1","Defend_R+1","Defend_R+1","Defend_R+1","Bash","Shockwave+1","Cleave+1","Second Wind","Shrug It Off","Inflame+1","Disarm+1","Spot Weakness+1","Anger","Offering+1","CurseOfTheBell","Master of Strategy","Flame Barrier+1","Shockwave","Twin Strike+1","Limit Break+1","Pommel Strike+1","Pummel+1","Pommel Strike+1","Sword Boomerang+1","Impervious","Disarm"],"special_seed":0,"relics":["Burning Blood","Lantern","WarpedTongs","StoneCalendar","Darkstone Periapt","Bronze Scales","Calling Bell","Dream Catcher","Mercury Hourglass","Old Coin","Membership Card","Potion Belt","Blue Candle","Juzu Bracelet","CultistMask","Charon\u0027s Ashes","Sozu","Paper Frog","CeramicFish","Art of War","White Beast Statue","Happy Flower"],"potions_floor_usage":[24,33,45,50],"damage_taken":[{"damage":0.0,"enemies":"Small Slimes","floor":1.0,"turns":4.0},{"damage":0.0,"enemies":"Cultist","floor":2.0,"turns":3.0},{"damage":10.0,"enemies":"2 Louse","floor":4.0,"turns":3.0},{"damage":13.0,"enemies":"Looter","floor":5.0,"turns":3.0},{"damage":7.0,"enemies":"Exordium Thugs","floor":7.0,"turns":4.0},{"damage":17.0,"enemies":"3 Sentries","floor":8.0,"turns":6.0},{"damage":26.0,"enemies":"Gremlin Nob","floor":10.0,"turns":4.0},{"damage":15.0,"enemies":"Lots of Slimes","floor":11.0,"turns":3.0},{"damage":12.0,"enemies":"Slime Boss","floor":16.0,"turns":7.0},{"damage":0.0,"enemies":"3 Byrds","floor":18.0,"turns":2.0},{"damage":6.0,"enemies":"Shell Parasite","floor":21.0,"turns":3.0},{"damage":6,"enemies":"Gremlin Leader","floor":24,"turns":6},{"damage":10,"enemies":"Snecko","floor":27,"turns":5},{"damage":11,"enemies":"Book of Stabbing","floor":30,"turns":4},{"damage":6,"enemies":"Centurion and Healer","floor":31,"turns":3},{"damage":16,"enemies":"Collector","floor":33,"turns":7},{"damage":0,"enemies":"Orb Walker","floor":35,"turns":3},{"damage":6,"enemies":"3 Darklings","floor":38,"turns":4},{"damage":1,"enemies":"Transient","floor":39,"turns":5},{"damage":15,"enemies":"Nemesis","floor":40,"turns":7},{"damage":7,"enemies":"Jaw Worm Horde","floor":42,"turns":3},{"damage":32,"enemies":"Giant Head","floor":44,"turns":6},{"damage":6,"enemies":"Maw","floor":45,"turns":5},{"damage":15,"enemies":"Nemesis","floor":46,"turns":5},{"damage":16,"enemies":"Writhing Mass","floor":48,"turns":3},{"damage":46,"enemies":"Awakened One","floor":50,"turns":8}],"seed_played":"-5254023397291766716","potions_obtained":[{"floor":1.0,"key":"Strength Potion"},{"floor":4.0,"key":"GamblersBrew"},{"floor":16.0,"key":"Weak Potion"},{"floor":24,"key":"GamblersBrew"},{"floor":27,"key":"Explosive Potion"},{"floor":31,"key":"Regen Potion"},{"floor":33,"key":"SmokeBomb"}],"is_trial":false,"path_per_floor":["M","M","?","M","M","R","M","E","T","E","M","R","$","?","R","B",null,"M","?","$","M","?","R","E","R","T","M","R","?","E","M","R","B",null,"M","?","T","M","M","E","?","M","T","E","M","E","R","M","R","B",null],"character_chosen":"IRONCLAD","items_purchased":["SteroidPotion","Anger","BloodPotion","Membership Card","Potion Belt","PowerPotion","Master of Strategy","BlessingOfTheForge"],"campfire_rested":1,"item_purchase_floors":[13,13,13,20,20,20,20,20],"current_hp_per_floor":[74,75,75,71,64,64,63,52,52,32,23,23,23,28,28,38,76,82,82,82,82,82,82,82,82,82,78,78,78,73,73,73,63,80,86,86,86,86,86,77,82,81,81,55,69,60,60,50,75,35],"gold":564,"neow_bonus":"RANDOM_COMMON_RELIC","is_prod":false,"is_daily":false,"chose_seed":false,"campfire_upgraded":8,"win_rate":0,"timestamp":1638151537,"path_taken":["M","M","?","M","?","R","M","E","T","E","M","R","$","?","R","BOSS","M","?","$","M","?","R","E","R","T","M","R","?","E","M","R","BOSS","M","?","?","M","M","E","?","M","T","E","M","E","R","M","R","BOSS"],"build_version":"2020-12-22","purchased_purges":2,"victory":true,"max_hp_per_floor":[75,75,75,75,75,75,75,75,75,75,75,75,75,80,80,80,86,86,86,86,86,86,86,86,86,86,86,86,86,86,86,86,86,86,86,86,86,86,86,86,86,86,86,86,86,86,86,86,86,86],"card_choices":[{"not_picked":["Shrug It Off","Thunderclap"],"picked":"Shockwave","floor":1.0},{"not_picked":["Bloodletting","Infernal Blade"],"picked":"Iron Wave","floor":2.0},{"not_picked":["Fire Breathing","Searing Blow"],"picked":"Cleave","floor":4.0},{"not_picked":["Pommel Strike","Thunderclap"],"picked":"Second Wind","floor":5.0},{"not_picked":["Infernal Blade","Iron Wave"],"picked":"Shrug It Off","floor":7.0},{"not_picked":["Thunderclap","Limit Break"],"picked":"Inflame","floor":8.0},{"not_picked":["Thunderclap","Armaments"],"picked":"Disarm","floor":10.0},{"not_picked":["Rage","Thunderclap"],"picked":"Spot Weakness","floor":11.0},{"not_picked":["Impervious","Corruption"],"picked":"Offering","floor":16.0},{"not_picked":["Clash","Dark Embrace","Havoc"],"picked":"SKIP","floor":18.0},{"not_picked":["Cleave","Whirlwind"],"picked":"Flame Barrier","floor":21.0},{"not_picked":["Pommel Strike","Anger","Spot Weakness"],"picked":"SKIP","floor":24},{"not_picked":["Dropkick","Anger","Clothesline"],"picked":"SKIP","floor":27},{"not_picked":["Dropkick","Anger","Clothesline"],"picked":"SKIP","floor":27},{"not_picked":["Rampage","Twin Strike"],"picked":"Shockwave","floor":30},{"not_picked":["Headbutt","Cleave"],"picked":"Twin Strike+1","floor":31},{"not_picked":["Fiend Fire","Immolate"],"picked":"Limit Break","floor":33},{"not_picked":["Clash+1","Anger"],"picked":"Pommel Strike+1","floor":35},{"not_picked":["Burning Pact","Body Slam","Limit Break"],"picked":"SKIP","floor":38},{"not_picked":["Entrench","Pommel Strike"],"picked":"Pummel+1","floor":39},{"not_picked":["Sever Soul+1","Headbutt+1"],"picked":"Pommel Strike+1","floor":40},{"not_picked":["Inflame","Iron Wave","Clothesline+1"],"picked":"SKIP","floor":42},{"not_picked":["Double Tap","Hemokinesis","Clash+1"],"picked":"SKIP","floor":44},{"not_picked":["Clothesline","Cleave"],"picked":"Sword Boomerang+1","floor":45},{"not_picked":["Inflame","Sword Boomerang+1"],"picked":"Impervious","floor":46},{"not_picked":["Havoc","Perfected Strike","True Grit"],"picked":"SKIP","floor":48},{"not_picked":["Armaments","True Grit"],"picked":"Disarm","floor":49}],"player_experience":4981194,"relics_obtained":[{"floor":8.0,"key":"StoneCalendar"},{"floor":9.0,"key":"Darkstone Periapt"},{"floor":10.0,"key":"Bronze Scales"},{"floor":17.0,"key":"Dream Catcher"},{"floor":17.0,"key":"Mercury Hourglass"},{"floor":17.0,"key":"Old Coin"},{"floor":24,"key":"Blue Candle"},{"floor":26,"key":"Juzu Bracelet"},{"floor":30,"key":"Charon\u0027s Ashes"},{"floor":37,"key":"Paper Frog"},{"floor":40,"key":"CeramicFish"},{"floor":43,"key":"Art of War"},{"floor":44,"key":"White Beast Statue"},{"floor":46,"key":"Happy Flower"}],"event_choices":[{"damage_healed":0.0,"max_hp_gain":0.0,"max_hp_loss":0.0,"gold_gain":0.0,"event_name":"Accursed Blacksmith","player_choice":"Rummage","floor":3.0,"gold_loss":0.0,"damage_taken":0.0,"relics_obtained":["WarpedTongs"],"cards_obtained":["Pain"]},{"damage_healed":0.0,"max_hp_gain":5.0,"max_hp_loss":0.0,"gold_gain":0.0,"event_name":"Big Fish","player_choice":"Donut","floor":14.0,"gold_loss":0.0,"damage_taken":0.0},{"damage_healed":0.0,"max_hp_gain":0.0,"max_hp_loss":0.0,"gold_gain":0.0,"event_name":"Back to Basics","player_choice":"Simplicity","floor":19.0,"gold_loss":0.0,"damage_taken":0.0,"cards_upgraded":["Strike_R","Strike_R","Strike_R","Strike_R","Strike_R","Defend_R","Defend_R","Defend_R","Defend_R"]},{"cards_removed":["Strike_R"],"damage_healed":0.0,"max_hp_gain":0.0,"max_hp_loss":0.0,"gold_gain":0.0,"event_name":"Purifier","player_choice":"Purged","floor":22.0,"gold_loss":0.0,"damage_taken":0.0},{"damage_healed":0,"gold_gain":0,"player_choice":"Trade","damage_taken":0,"relics_obtained":["CultistMask"],"max_hp_gain":0,"max_hp_loss":0,"event_name":"FaceTrader","floor":29,"gold_loss":0},{"damage_healed":0,"gold_gain":50,"player_choice":"Pray","damage_taken":0,"max_hp_gain":0,"max_hp_loss":0,"event_name":"Golden Shrine","floor":36,"gold_loss":0},{"cards_removed":["Iron Wave"],"damage_healed":5,"gold_gain":0,"player_choice":"Offered Common","damage_taken":0,"max_hp_gain":0,"max_hp_loss":0,"event_name":"Bonfire Elementals","floor":41,"gold_loss":0},{"cards_removed":["Iron Wave"],"damage_healed":5,"gold_gain":0,"player_choice":"Offered Special","damage_taken":0,"max_hp_gain":0,"max_hp_loss":0,"event_name":"Bonfire Elementals","floor":41,"gold_loss":0}],"is_beta":false,"boss_relics":[{"not_picked":["Tiny House","Runic Cube"],"picked":"Calling Bell"},{"not_picked":["Velvet Choker","Empty Cage"],"picked":"Sozu"}],"items_purged_floors":[13,20],"is_endless":false,"potions_floor_spawned":[1,4,5,7,16,24,27,31,33,38,39,40,42,45,46,48],"ascension_level":15}