{"gold_per_floor":[119,119,269,285,297,297,325,56,56,82,82,102,127,138,138,215,215,230,248,263,294,64,64,99,99,99,142,67,103,103,38,38,120,120,139,150,173,21,21,21,61,61,130,130,167,167,195,222,222,222],"floor_reached":51,"playtime":1857,"items_purged":["Strike_R","Strike_R"],"score":1354,"play_id":"7f5708d7-69f7-40f7-91a4-e7b79add80ce","local_time":"20211129115952","is_ascension_mode":true,"campfire_choices":[{"data":"Bash","floor":6,"key":"SMITH"},{"data":"Spot Weakness","floor":11,"key":"SMITH"},{"data":"Disarm","floor":15,"key":"SMITH"},{"floor":23,"key":"REST"},{"data":"Uppercut","floor":25,"key":"SMITH"},{"floor":32,"key":"REST"},{"floor":40,"key":"REST"},{"floor":42,"key":"REST"},{"data":"Feel No Pain","floor":49,"key":"SMITH"}],"neow_cost":"NONE","seed_source_timestamp":100189549844300,"circlet_count":0,"master_deck":["AscendersBane","Strike_R","Defend_R","Defend_R","Defend_R","Defend_R","Bash+1","Iron Wave","Wild Strike","Thunderclap","Uppercut+1","Spot Weakness+1","Battle Trance","Disarm+1","Corruption","True Grit","Feel No Pain+1","Cleave+1","Battle Trance+1","Exhume","Ghostly Armor+1","Second Wind+1","Disarm+1","Fiend Fire","Sword Boomerang+1","Metallicize","Impervious+1","Feel No Pain","Clothesline+1","True Grit+1"],"relics":["Burning Blood","Omamori","Peace Pipe","Sling","Paper Frog","Blood Vial","Orichalcum","Runic Dome","Red Mask","Art of War","Toxic Egg 2","CeramicFish","PreservedInsect","Black Star","Regal Pillow","Bottled Lightning","Self Forming Clay","Ice Cream","Meat on the Bone","Dream Catcher","Letter Opener"],"potions_floor_usage":[10,12,20,33,37,45,50],"damage_taken":[{"damage":10,"enemies":"Small Slimes","floor":1,"turns":3},{"damage":9,"enemies":"2 Louse","floor":4,"turns":3},{"damage":8,"enemies":"Jaw Worm","floor":5,"turns":4},{"damage":40,"enemies":"3 Sentries","floor":7,"turns":10},{"damage":30,"enemies":"Lagavulin","floor":10,"turns":5},{"damage":4,"enemies":"Red Slaver","floor":12,"turns":3},{"damage":15,"enemies":"Gremlin Nob","floor":13,"turns":3},{"damage":3,"enemies":"Looter","floor":14,"turns":3},{"damage":3,"enemies":"Hexaghost","floor":16,"turns":9},{"damage":29,"enemies":"2 Thieves","floor":18,"turns":4},{"damage":16,"enemies":"Shell Parasite","floor":19,"turns":5},{"damage":19,"enemies":"Shelled Parasite and Fungi","floor":20,"turns":6},{"damage":6,"enemies":"Masked Bandits","floor":21,"turns":3},{"damage":19,"enemies":"Slavers","floor":24,"turns":4},{"damage":5,"enemies":"Book of Stabbing","floor":27,"turns":5},{"damage":6,"enemies":"Gremlin Leader","floor":29,"turns":8},{"damage":53,"enemies":"Automaton","floor":33,"turns":10},{"damage":6,"enemies":"Orb Walker","floor":35,"turns":4},{"damage":26,"enemies":"3 Darklings","floor":36,"turns":6},{"damage":40,"enemies":"Transient","floor":37,"turns":5},{"damage":19,"enemies":"Reptomancer","floor":41,"turns":4},{"damage":15,"enemies":"Giant Head","floor":45,"turns":7},{"damage":6,"enemies":"Sphere and 2 Shapes","floor":47,"turns":6},{"damage":5,"enemies":"Writhing Mass","floor":48,"turns":6},{"damage":31,"enemies":"Donu and Deca","floor":50,"turns":11}],"seed_played":"6584742586812314690","potions_obtained":[{"floor":7,"key":"Dexterity Potion"},{"floor":10,"key":"BloodPotion"},{"floor":12,"key":"ColorlessPotion"},{"floor":19,"key":"SkillPotion"},{"floor":35,"key":"PowerPotion"},{"floor":45,"key":"Swift Potion"}],"is_trial":false,"path_per_floor":["M","?","?","M","M","R","E","$","T","E","R","M","E","M","R","B",null,"M","M","M","?","$","R","E","R","T","E","?","E","?","$","R","B",null,"M","M","M","$","T","R","E","R","T","?","E","?","M","M","R","B",null],"character_chosen":"IRONCLAD","items_purchased":["Sling","BloodPotion","Exhume","Fire Potion","Disarm+1","Regal Pillow"],"campfire_rested":4,"item_purchase_floors":[8,8,22,22,31,38],"current_hp_per_floor":[64,57,57,54,52,52,18,18,18,9,9,28,21,26,26,31,64,43,35,24,26,26,48,37,37,37,40,40,42,42,42,64,19,61,63,45,13,13,13,50,39,75,75,71,62,62,64,67,67,44],"gold":222,"neow_bonus":"RANDOM_COMMON_RELIC","is_prod":false,"is_daily":false,"chose_seed":false,"campfire_upgraded":5,"win_rate":0,"timestamp":1638215992,"path_taken":["M","?","?","M","M","R","E","?","T","E","R","M","E","M","R","BOSS","M","M","M","?","$","R","E","R","T","E","?","E","?","$","R","BOSS","M","?","M","$","?","R","E","R","T","?","E","?","?","M","R","BOSS"],"build_version":"2020-12-22","purchased_purges":2,"victory":true,"max_hp_per_floor":[75,75,75,75,75,75,75,75,75,75,75,75,75,75,75,75,75,75,75,75,75,75,75,75,75,75,75,75,75,75,75,75,75,75,75,75,75,75,75,75,75,75,75,71,71,71,71,71,71,71],"card_choices":[{"not_picked":["Twin Strike","Intimidate"],"picked":"Iron Wave","floor":1},{"not_picked":["Burning Pact","Perfected Strike"],"picked":"Wild Strike","floor":4},{"not_picked":["Heavy Blade","Clash"],"picked":"Thunderclap","floor":5},{"not_picked":["Impervious","Iron Wave"],"picked":"Uppercut","floor":7},{"not_picked":["Anger","Searing Blow"],"picked":"Spot Weakness","floor":10},{"not_picked":["Intimidate","Spot Weakness"],"picked":"Battle Trance","floor":12},{"not_picked":["Fiend Fire","True Grit"],"picked":"Disarm","floor":13},{"not_picked":["Headbutt","Sever Soul","Iron Wave"],"picked":"SKIP","floor":14},{"not_picked":["Berserk","Barricade"],"picked":"Corruption","floor":16},{"not_picked":["Combust","Havoc"],"picked":"True Grit","floor":18},{"not_picked":["Shrug It Off","Immolate"],"picked":"Feel No Pain","floor":19},{"not_picked":["Rupture","Warcry"],"picked":"Cleave+1","floor":20},{"not_picked":["Disarm","Ghostly Armor"],"picked":"Battle Trance+1","floor":21},{"not_picked":["Seeing Red","Iron Wave","Warcry"],"picked":"SKIP","floor":24},{"not_picked":["Reckless Charge","Thunderclap"],"picked":"Ghostly Armor+1","floor":27},{"not_picked":["Feel No Pain","Searing Blow"],"picked":"Second Wind+1","floor":29},{"not_picked":["Berserk","Immolate"],"picked":"Fiend Fire","floor":33},{"not_picked":["Seeing Red+1","Clash+1"],"picked":"Sword Boomerang+1","floor":35},{"not_picked":["Twin Strike","Whirlwind","Pommel Strike"],"picked":"SKIP","floor":36},{"not_picked":["Cleave","Thunderclap+1"],"picked":"Metallicize","floor":37},{"not_picked":["Heavy Blade","Thunderclap"],"picked":"Impervious+1","floor":41},{"not_picked":["Carnage+1","Dark Embrace+1"],"picked":"Feel No Pain","floor":45},{"not_picked":["Iron Wave","Thunderclap"],"picked":"Clothesline+1","floor":47},{"not_picked":["Warcry+1","Ghostly Armor+1"],"picked":"True Grit+1","floor":48}],"player_experience":4982961,"relics_obtained":[{"floor":7,"key":"Peace Pipe"},{"floor":9,"key":"Paper Frog"},{"floor":10,"key":"Blood Vial"},{"floor":13,"key":"Orichalcum"},{"floor":21,"key":"Red Mask"},{"floor":24,"key":"Art of War"},{"floor":26,"key":"Toxic Egg 2"},{"floor":27,"key":"CeramicFish"},{"floor":29,"key":"PreservedInsect"},{"floor":39,"key":"Bottled Lightning"},{"floor":41,"key":"Self Forming Clay"},{"floor":41,"key":"Ice Cream"},{"floor":43,"key":"Meat on the Bone"},{"floor":45,"key":"Dream Catcher"},{"floor":45,"key":"Letter Opener"}],"event_choices":[{"cards_removed":["Strike_R"],"damage_healed":0,"gold_gain":0,"player_choice":"Card Removal","damage_taken":7,"max_hp_gain":0,"max_hp_loss":0,"event_name":"Golden Wing","floor":2,"gold_loss":0},{"damage_healed":0,"gold_gain":150,"player_choice":"AGREE","damage_taken":0,"max_hp_gain":0,"max_hp_loss":0,"event_name":"Liars Game","floor":3,"gold_loss":0,"cards_obtained":["Doubt"]},{"damage_healed":0,"gold_gain":0,"player_choice":"Fought Bandits","damage_taken":0,"max_hp_gain":0,"max_hp_loss":0,"event_name":"Masked Bandits","floor":21,"gold_loss":0},{"cards_removed":["Strike_R"],"damage_healed":0,"gold_gain":0,"player_choice":"Gave Gold","damage_taken":0,"max_hp_gain":0,"max_hp_loss":0,"event_name":"Beggar","floor":28,"gold_loss":75},{"damage_healed":0,"gold_gain":0,"player_choice":"0 cards matched","damage_taken":0,"max_hp_gain":0,"max_hp_loss":0,"event_name":"Match and Keep!","floor":30,"gold_loss":0,"cards_obtained":[]},{"damage_healed":0,"gold_gain":0,"player_choice":"Max HP","damage_taken":0,"max_hp_gain":0,"max_hp_loss":4,"event_name":"Winding Halls","floor":44,"gold_loss":0},{"damage_healed":0,"gold_gain":0,"player_choice":"Ignored","damage_taken":0,"max_hp_gain":0,"max_hp_loss":0,"event_name":"SecretPortal","floor":46,"gold_loss":0}],"is_beta":false,"boss_relics":[{"not_picked":["Empty Cage","Ectoplasm"],"picked":"Runic Dome"},{"not_picked":["Sozu","SlaversCollar"],"picked":"Black Star"}],"items_purged_floors":[8,22],"is_endless":false,"potions_floor_spawned":[7,10,12,16,19,24,27,35,45],"ascension_level":15}