{"gold_per_floor":[118,168,58,77,90,115,128,155,155,155,155,198,198,211,211,305,305,320,220,220,235,61,61,96,114,114,153,176,199,199,199,199,295,295,320,320,22,72,72,72],"floor_reached":40,"playtime":1173,"items_purged":["Strike_R","Strike_R","Pain","Injury"],"score":774,"play_id":"555bdd48-7fb5-431e-bdae-4f2b5a9f04bc","local_time":"20211129171004","is_ascension_mode":true,"campfire_choices":[{"data":"Inflame","floor":11.0,"key":"SMITH"},{"data":"Spot Weakness","floor":13.0,"key":"SMITH"},{"data":"Hemokinesis","floor":15.0,"key":"SMITH"},{"data":"Combust","floor":23,"key":"SMITH"},{"data":"Uppercut","floor":32,"key":"SMITH"}],"neow_cost":"NONE","seed_source_timestamp":119405077736100,"circlet_count":0,"master_deck":["AscendersBane","Strike_R","Strike_R","Defend_R","Defend_R","Defend_R","Defend_R","Bash+1","Battle Trance","Hemokinesis+1","Spot Weakness+1","Twin Strike","Reaper","Inflame+1","Sword Boomerang","Shrug It Off","Cleave","Offering","Combust+1","Anger+1","Clothesline","Battle Trance+1","Pummel","Uppercut+1","Feel No Pain","Immolate","Shrug It Off"],"special_seed":0,"relics":["Burning Blood","Meat on the Bone","Tiny Chest","Boot","Golden Idol","Bottled Tornado","Cursed Key","WarpedTongs","StrikeDummy","Shuriken","Red Skull","Snecko Eye"],"potions_floor_usage":[24,33,40,40],"damage_taken":[{"damage":7.0,"enemies":"Jaw Worm","floor":1.0,"turns":4.0},{"damage":2.0,"enemies":"Cultist","floor":4.0,"turns":2.0},{"damage":5.0,"enemies":"2 Louse","floor":5.0,"turns":2.0},{"damage":40.0,"enemies":"Gremlin Nob","floor":6.0,"turns":4.0},{"damage":8.0,"enemies":"Exordium Wildlife","floor":7.0,"turns":4.0},{"damage":37.0,"enemies":"3 Sentries","floor":8.0,"turns":5.0},{"damage":7.0,"enemies":"Lagavulin","floor":12.0,"turns":5.0},{"damage":26.0,"enemies":"Lots of Slimes","floor":14.0,"turns":4.0},{"damage":48,"enemies":"Hexaghost","floor":16,"turns":7},{"damage":8,"enemies":"Chosen","floor":18,"turns":3},{"damage":7,"enemies":"Spheric Guardian","floor":21,"turns":3},{"damage":42,"enemies":"Book of Stabbing","floor":24,"turns":3},{"damage":6,"enemies":"3 Cultists","floor":25,"turns":3},{"damage":24,"enemies":"Gremlin Leader","floor":27,"turns":4},{"damage":9,"enemies":"Cultist and Chosen","floor":28,"turns":4},{"damage":7,"enemies":"Snake Plant","floor":29,"turns":2},{"damage":49,"enemies":"Collector","floor":33,"turns":6},{"damage":47,"enemies":"3 Shapes","floor":35,"turns":4},{"damage":91,"enemies":"Nemesis","floor":40,"turns":6}],"seed_played":"-665018019579355770","potions_obtained":[{"floor":1.0,"key":"DistilledChaos"},{"floor":5.0,"key":"Ancient Potion"},{"floor":14.0,"key":"Ancient Potion"},{"floor":16,"key":"FearPotion"},{"floor":24,"key":"Weak Potion"},{"floor":29,"key":"SneckoOil"}],"is_trial":false,"path_per_floor":["M","?","$","M","M","E","M","E","T","?","R","E","R","M","R","B",null,"M","$","?","M","$","R","E","M","T","E","M","M","T","?","R","B",null,"M","?","$","?","T","E"],"character_chosen":"IRONCLAD","items_purchased":["Hemokinesis","Energy Potion","EntropicBrew","Shrug It Off"],"campfire_rested":0,"item_purchase_floors":[3,22,37,37],"current_hp_per_floor":[67,67,67,71,72,38,48,44,44,18,18,29,29,53,53,23,62,75,75,75,75,75,75,51,75,75,57,75,74,74,74,74,43,67,45,45,45,45,45,0],"gold":72,"neow_bonus":"UPGRADE_CARD","is_prod":false,"is_daily":false,"chose_seed":false,"campfire_upgraded":5,"win_rate":0,"timestamp":1638234604,"path_taken":["M","?","?","M","M","E","M","E","T","?","R","E","R","M","R","BOSS","M","$","?","M","$","R","E","M","T","E","M","?","?","?","R","BOSS","M","?","$","?","?","E"],"build_version":"2020-12-22","purchased_purges":4,"victory":false,"max_hp_per_floor":[75,75,75,75,75,75,75,75,75,75,75,75,75,75,75,75,75,75,75,75,75,75,75,75,75,75,75,75,75,75,75,75,75,75,75,75,75,75,75,75],"card_choices":[{"not_picked":["Sentinel","Havoc"],"picked":"Battle Trance","floor":1.0},{"not_picked":["Twin Strike","Clothesline"],"picked":"Spot Weakness","floor":4.0},{"not_picked":["Thunderclap","Havoc"],"picked":"Twin Strike","floor":5.0},{"not_picked":["Pummel","Clash"],"picked":"Reaper","floor":6.0},{"not_picked":["Headbutt","Power Through"],"picked":"Inflame","floor":7.0},{"not_picked":["Fire Breathing","Clash"],"picked":"Sword Boomerang","floor":8.0},{"not_picked":["Rage","True Grit"],"picked":"Shrug It Off","floor":12.0},{"not_picked":["Warcry","Headbutt"],"picked":"Cleave","floor":14.0},{"not_picked":["Bludgeon","Double Tap"],"picked":"Offering","floor":16},{"not_picked":["Entrench","Flex","Sever Soul+1"],"picked":"SKIP","floor":18},{"not_picked":["Shrug It Off","Cleave"],"picked":"Combust","floor":21},{"not_picked":["Clothesline","Body Slam"],"picked":"Anger+1","floor":24},{"not_picked":["True Grit","Warcry"],"picked":"Clothesline","floor":25},{"not_picked":["Flex","Hemokinesis"],"picked":"Battle Trance+1","floor":27},{"not_picked":["Berserk","Flex"],"picked":"Pummel","floor":28},{"not_picked":["Armaments","Thunderclap"],"picked":"Uppercut","floor":29},{"not_picked":["Berserk","Reaper"],"picked":"Immolate","floor":33},{"not_picked":["Heavy Blade","Reckless Charge+1","Rupture"],"picked":"SKIP","floor":35}],"player_experience":4984818,"relics_obtained":[{"floor":6.0,"key":"Meat on the Bone"},{"floor":8.0,"key":"Tiny Chest"},{"floor":9.0,"key":"Boot"},{"floor":12.0,"key":"Bottled Tornado"},{"floor":24,"key":"StrikeDummy"},{"floor":26,"key":"Shuriken"},{"floor":27,"key":"Red Skull"}],"event_choices":[{"damage_healed":0.0,"max_hp_gain":0.0,"max_hp_loss":0.0,"gold_gain":50.0,"event_name":"Golden Shrine","player_choice":"Pray","floor":2.0,"gold_loss":0.0,"damage_taken":0.0},{"damage_healed":0.0,"max_hp_gain":0.0,"max_hp_loss":0.0,"gold_gain":0.0,"event_name":"Golden Idol","player_choice":"Take Damage","floor":10.0,"gold_loss":0.0,"damage_taken":26.0,"relics_obtained":["Golden Idol"]},{"damage_healed":0,"gold_gain":0,"player_choice":"Rummage","damage_taken":0,"relics_obtained":["WarpedTongs"],"max_hp_gain":0,"max_hp_loss":0,"event_name":"Accursed Blacksmith","floor":20,"gold_loss":0,"cards_obtained":["Pain"]},{"damage_healed":0,"gold_gain":0,"player_choice":"Read","damage_taken":0,"max_hp_gain":0,"max_hp_loss":0,"event_name":"The Library","floor":31,"gold_loss":0,"cards_obtained":["Feel No Pain"]},{"cards_removed":["Strike_R"],"damage_healed":0,"gold_gain":0,"player_choice":"Removed Attack","damage_taken":0,"max_hp_gain":0,"max_hp_loss":0,"event_name":"Falling","floor":36,"gold_loss":0},{"damage_healed":0,"gold_gain":50,"player_choice":"Pray","damage_taken":0,"max_hp_gain":0,"max_hp_loss":0,"event_name":"Golden Shrine","floor":38,"gold_loss":0}],"is_beta":false,"boss_relics":[{"not_picked":["Black Star","Black Blood"],"picked":"Cursed Key"},{"not_picked":["Velvet Choker","Runic Cube"],"picked":"Snecko Eye"}],"items_purged_floors":[3,19,22,37],"is_endless":false,"potions_floor_spawned":[1,5,14,16,24,27,28,29],"killed_by":"Nemesis","ascension_level":15}