{"gold_per_floor":[118,118,129,25,43,71,88,119,119,119,152,43,43,70,70,145,145,156,156,206,106,121,121,152,152,177,177,188,202,77,109,109,187,187,207,207,187,37,50,81,94,122,173,202,2,2,18,52,52,52],"floor_reached":51,"playtime":2175,"items_purged":["Strike_R","Strike_R","Strike_R","Strike_R"],"score":1501,"play_id":"8c987606-cf99-4984-a1c0-1a03d6f7593e","local_time":"20211202214758","is_ascension_mode":true,"campfire_choices":[{"data":"Spot Weakness","floor":15.0,"key":"SMITH"},{"data":"Shockwave","floor":23.0,"key":"SMITH"},{"data":"True Grit","floor":25.0,"key":"SMITH"},{"data":"Feel No Pain","floor":27.0,"key":"SMITH"},{"data":"Uppercut","floor":32.0,"key":"SMITH"},{"data":"Heavy Blade","floor":46.0,"key":"SMITH"},{"data":"Disarm","floor":49,"key":"SMITH"}],"neow_cost":"NONE","seed_source_timestamp":14205144308500,"circlet_count":0,"master_deck":["AscendersBane","Strike_R","Defend_R+1","Defend_R","Defend_R","Defend_R+1","Bash+1","Flame Barrier","Feel No Pain+1","Cleave","True Grit+1","Shockwave+1","Wild Strike","Rampage","Pommel Strike","Spot Weakness+1","Demon Form","Reaper","Combust","Anger","Warcry+1","Disarm+1","Intimidate+1","Uppercut+1","Reaper","Whirlwind+1","Heavy Blade+1","Pommel Strike"],"special_seed":0,"relics":["Burning Blood","Matryoshka","Thread and Needle","FossilizedHelix","Sundial","Gambling Chip","Anchor","Ornamental Fan","Philosopher\u0027s Stone","Letter Opener","Art of War","Akabeko","War Paint","SlaversCollar","Bronze Scales","Toy Ornithopter","Regal Pillow","Ice Cream","Potion Belt","Prayer Wheel"],"potions_floor_usage":[50,50,50],"damage_taken":[{"damage":9.0,"enemies":"Jaw Worm","floor":1.0,"turns":4.0},{"damage":4.0,"enemies":"Small Slimes","floor":3.0,"turns":4.0},{"damage":6.0,"enemies":"2 Louse","floor":5.0,"turns":3.0},{"damage":24.0,"enemies":"Gremlin Nob","floor":6.0,"turns":4.0},{"damage":9.0,"enemies":"Exordium Wildlife","floor":7.0,"turns":6.0},{"damage":8.0,"enemies":"3 Sentries","floor":8.0,"turns":13.0},{"damage":0.0,"enemies":"Lagavulin","floor":11.0,"turns":6.0},{"damage":0.0,"enemies":"3 Sentries","floor":14.0,"turns":7.0},{"damage":21.0,"enemies":"Hexaghost","floor":16.0,"turns":9.0},{"damage":9.0,"enemies":"Shell Parasite","floor":18.0,"turns":7.0},{"damage":4.0,"enemies":"2 Thieves","floor":22.0,"turns":5.0},{"damage":26.0,"enemies":"Gremlin Leader","floor":24.0,"turns":6.0},{"damage":2.0,"enemies":"Snecko","floor":28.0,"turns":7.0},{"damage":6.0,"enemies":"Centurion and Healer","floor":29.0,"turns":6.0},{"damage":4.0,"enemies":"Slavers","floor":31.0,"turns":4.0},{"damage":54.0,"enemies":"Collector","floor":33.0,"turns":10.0},{"damage":0.0,"enemies":"Orb Walker","floor":35.0,"turns":3.0},{"damage":15.0,"enemies":"3 Shapes","floor":39.0,"turns":5.0},{"damage":36.0,"enemies":"Giant Head","floor":40.0,"turns":8.0},{"damage":17.0,"enemies":"Jaw Worm Horde","floor":41.0,"turns":2.0},{"damage":8.0,"enemies":"Reptomancer","floor":42.0,"turns":5.0},{"damage":13.0,"enemies":"Giant Head","floor":44.0,"turns":6.0},{"damage":11,"enemies":"Writhing Mass","floor":47,"turns":6},{"damage":6,"enemies":"Reptomancer","floor":48,"turns":4},{"damage":30,"enemies":"Awakened One","floor":50,"turns":12}],"seed_played":"628341154323296406","potions_obtained":[{"floor":1.0,"key":"SneckoOil"},{"floor":11.0,"key":"DistilledChaos"},{"floor":16.0,"key":"Weak Potion"},{"floor":31.0,"key":"Explosive Potion"},{"floor":33.0,"key":"Dexterity Potion"},{"floor":40.0,"key":"Fruit Juice"},{"floor":42.0,"key":"Fire Potion"},{"floor":47,"key":"Dexterity Potion"}],"is_trial":false,"path_per_floor":["M","?","M","$","M","E","M","E","T","?","E","$","$","E","R","B",null,"M","?","?","$","M","R","E","R","T","R","M","M","$","E","R","B",null,"M","?","?","$","M","E","M","E","T","E","$","R","M","E","R","B",null],"character_chosen":"IRONCLAD","items_purchased":["AttackPotion","Cleave","Spot Weakness","Potion Belt","AttackPotion"],"campfire_rested":0,"item_purchase_floors":[4,4,12,45,45],"current_hp_per_floor":[65,60,62,62,62,44,41,39,39,44,50,50,50,56,56,41,70,80,80,80,80,80,80,80,80,80,80,80,80,80,80,80,51,73,80,80,80,80,77,50,51,85,85,78,78,78,84,85,85,76],"gold":52,"neow_bonus":"UPGRADE_CARD","is_prod":false,"is_daily":false,"chose_seed":false,"campfire_upgraded":7,"win_rate":0,"timestamp":1638510478,"path_taken":["M","?","M","$","M","E","M","E","T","?","E","?","$","E","R","BOSS","M","?","?","$","M","R","E","R","T","R","M","M","$","E","R","BOSS","M","?","?","$","M","E","M","E","T","E","$","R","?","E","R","BOSS"],"build_version":"2020-12-22","purchased_purges":4,"victory":true,"max_hp_per_floor":[75,75,75,75,75,75,75,75,75,80,80,80,80,80,80,80,80,80,80,80,80,80,80,80,80,80,80,80,80,80,80,80,80,80,80,80,80,80,80,80,80,85,85,85,85,85,85,85,85,85],"card_choices":[{"not_picked":["Hemokinesis","Searing Blow"],"picked":"Flame Barrier","floor":1.0},{"not_picked":["Sword Boomerang","Shrug It Off"],"picked":"Feel No Pain","floor":3.0},{"not_picked":["Reckless Charge","Clash"],"picked":"True Grit","floor":5.0},{"not_picked":["Pummel","Bloodletting"],"picked":"Shockwave","floor":6.0},{"not_picked":["Dark Embrace","Uppercut"],"picked":"Wild Strike","floor":7.0},{"not_picked":["Second Wind","Heavy Blade"],"picked":"Rampage","floor":8.0},{"not_picked":["Clothesline","Infernal Blade"],"picked":"Pommel Strike","floor":11.0},{"not_picked":["Spot Weakness","Evolve"],"picked":"Demon Form","floor":14.0},{"not_picked":["Double Tap","Juggernaut"],"picked":"Reaper","floor":16.0},{"not_picked":["Clash","Twin Strike"],"picked":"Combust","floor":18.0},{"not_picked":["Cleave","Twin Strike+1"],"picked":"Warcry+1","floor":22.0},{"not_picked":["Heavy Blade","True Grit+1"],"picked":"Disarm","floor":24.0},{"not_picked":["Clash","Pommel Strike","Feel No Pain"],"picked":"SKIP","floor":28.0},{"not_picked":["Double Tap","Thunderclap"],"picked":"Intimidate+1","floor":29.0},{"not_picked":["Headbutt","Pommel Strike"],"picked":"Uppercut","floor":31.0},{"not_picked":["Double Tap","Brutality"],"picked":"Reaper","floor":33.0},{"not_picked":["Entrench","Warcry","Clothesline"],"picked":"SKIP","floor":35.0},{"not_picked":["Perfected Strike","Warcry","Sever Soul"],"picked":"SKIP","floor":39.0},{"not_picked":["Second Wind","Reckless Charge"],"picked":"Whirlwind+1","floor":40.0},{"not_picked":["Warcry","Thunderclap","Cleave+1"],"picked":"SKIP","floor":41.0},{"not_picked":["Ghostly Armor","Intimidate","Thunderclap+1"],"picked":"SKIP","floor":42.0},{"not_picked":["Cleave+1","Pommel Strike"],"picked":"Heavy Blade","floor":44.0},{"not_picked":["Thunderclap","Cleave+1","Second Wind"],"picked":"SKIP","floor":47},{"not_picked":["Reaper","Brutality"],"picked":"Pommel Strike","floor":48}],"player_experience":4988563,"relics_obtained":[{"floor":6.0,"key":"Thread and Needle"},{"floor":8.0,"key":"FossilizedHelix"},{"floor":9.0,"key":"Sundial"},{"floor":9.0,"key":"Gambling Chip"},{"floor":11.0,"key":"Anchor"},{"floor":14.0,"key":"Ornamental Fan"},{"floor":24.0,"key":"Letter Opener"},{"floor":26.0,"key":"Art of War"},{"floor":26.0,"key":"Akabeko"},{"floor":31.0,"key":"War Paint"},{"floor":40.0,"key":"Bronze Scales"},{"floor":42.0,"key":"Toy Ornithopter"},{"floor":43.0,"key":"Regal Pillow"},{"floor":44.0,"key":"Ice Cream"},{"floor":48,"key":"Prayer Wheel"}],"event_choices":[{"damage_healed":0.0,"max_hp_gain":0.0,"max_hp_loss":0.0,"gold_gain":0.0,"event_name":"Scrap Ooze","player_choice":"Success","floor":2.0,"gold_loss":0.0,"damage_taken":5.0,"relics_obtained":["Matryoshka"]},{"damage_healed":0.0,"max_hp_gain":5.0,"max_hp_loss":0.0,"gold_gain":0.0,"event_name":"Big Fish","player_choice":"Donut","floor":10.0,"gold_loss":0.0,"damage_taken":0.0},{"damage_healed":0.0,"max_hp_gain":0.0,"max_hp_loss":0.0,"gold_gain":0.0,"event_name":"The Library","player_choice":"Read","floor":19.0,"gold_loss":0.0,"damage_taken":0.0,"cards_obtained":["Anger"]},{"damage_healed":0.0,"max_hp_gain":0.0,"max_hp_loss":0.0,"gold_gain":50.0,"event_name":"Nest","player_choice":"Stole From Cult","floor":20.0,"gold_loss":0.0,"damage_taken":0.0},{"damage_healed":0.0,"max_hp_gain":0.0,"max_hp_loss":0.0,"gold_gain":0.0,"event_name":"Tomb of Lord Red Mask","player_choice":"Ignored","floor":36.0,"gold_loss":0.0,"damage_taken":0.0},{"damage_healed":0.0,"max_hp_gain":0.0,"max_hp_loss":0.0,"gold_gain":0.0,"event_name":"The Woman in Blue","player_choice":"Bought 1 Potion","floor":37.0,"gold_loss":0.0,"damage_taken":0.0}],"is_beta":false,"boss_relics":[{"not_picked":["Black Blood","Tiny House"],"picked":"Philosopher\u0027s Stone"},{"not_picked":["Snecko Eye","Cursed Key"],"picked":"SlaversCollar"}],"items_purged_floors":[12,21,30,38],"is_endless":false,"potions_floor_spawned":[1,11,16,18,22,31,33,40,42,44,47],"ascension_level":15}