{"gold_per_floor":[110,41,59,59,73,73,102,102,125,157,157,167,191,191,191,267,267,267,237,162,162,162,162,19,19,19,19,19,19,19,19,19,19,19,19,19,19,19,19,19,19,19,19,19,19,19,19,19,19,19],"floor_reached":51,"playtime":1649,"items_purged":["Strike_R","Strike_R"],"score":1413,"play_id":"0013bc05-460b-4588-8465-3e8881ba87f4","local_time":"20211220215001","is_ascension_mode":true,"campfire_choices":[{"data":"Bash","floor":6.0,"key":"SMITH"},{"data":"Whirlwind","floor":8.0,"key":"SMITH"},{"data":"Combust","floor":15.0,"key":"SMITH"},{"data":"Uppercut","floor":23,"key":"SMITH"},{"floor":28,"key":"REST"},{"data":"Limit Break","floor":32,"key":"SMITH"},{"floor":41,"key":"REST"},{"floor":45,"key":"REST"},{"floor":49,"key":"REST"}],"neow_cost":"TEN_PERCENT_HP_LOSS","seed_source_timestamp":118485665596800,"circlet_count":0,"master_deck":["AscendersBane","Strike_R","Strike_R","Defend_R","Defend_R","Defend_R","Defend_R","Bash+1","Whirlwind+1","Combust+1","Iron Wave","Pommel Strike","Limit Break+1","Impervious","Uppercut+1","Warcry+1","Disarm","Inflame","Feed","Heavy Blade","Searing Blow","Offering","Metallicize+1","Shrug It Off","Barricade","Burning Pact","Armaments+1","Uppercut+1","Dark Embrace","Armaments+1"],"special_seed":0,"relics":["Burning Blood","StoneCalendar","Oddly Smooth Stone","Juzu Bracelet","Bronze Scales","Lantern","Ectoplasm","The Courier","Blue Candle","Gambling Chip","Vajra","Nunchaku","Akabeko","Fusion Hammer","Omamori","Darkstone Periapt","Mummified Hand","Prayer Wheel","Pen Nib"],"potions_floor_usage":[16,19,29,40,40],"damage_taken":[{"damage":8.0,"enemies":"Small Slimes","floor":1.0,"turns":4.0},{"damage":3.0,"enemies":"Cultist","floor":3.0,"turns":4.0},{"damage":0.0,"enemies":"2 Louse","floor":5.0,"turns":1.0},{"damage":14.0,"enemies":"3 Sentries","floor":7.0,"turns":4.0},{"damage":26.0,"enemies":"Lagavulin","floor":10.0,"turns":7.0},{"damage":4.0,"enemies":"Large Slime","floor":12.0,"turns":5.0},{"damage":37,"enemies":"Slime Boss","floor":16,"turns":7},{"damage":3,"enemies":"Chosen","floor":18,"turns":4},{"damage":5,"enemies":"2 Thieves","floor":19,"turns":3},{"damage":11,"enemies":"Sentry and Sphere","floor":22,"turns":5},{"damage":29,"enemies":"Book of Stabbing","floor":27,"turns":5},{"damage":0,"enemies":"Slavers","floor":29,"turns":1},{"damage":50,"enemies":"Collector","floor":33,"turns":7},{"damage":10,"enemies":"3 Darklings","floor":35,"turns":4},{"damage":8,"enemies":"3 Shapes","floor":36,"turns":7},{"damage":9,"enemies":"Spire Growth","floor":39,"turns":3},{"damage":28,"enemies":"Nemesis","floor":40,"turns":5},{"damage":23,"enemies":"Giant Head","floor":42,"turns":8},{"damage":10,"enemies":"3 Darklings","floor":44,"turns":3},{"damage":11,"enemies":"Sphere and 2 Shapes","floor":46,"turns":5},{"damage":6,"enemies":"Mind Bloom Boss Battle","floor":47,"turns":6},{"damage":11,"enemies":"Nemesis","floor":48,"turns":7},{"damage":44,"enemies":"Donu and Deca","floor":50,"turns":8}],"seed_played":"922392645492468385","potions_obtained":[{"floor":1.0,"key":"LiquidMemories"},{"floor":3.0,"key":"BloodPotion"},{"floor":16,"key":"LiquidBronze"},{"floor":18,"key":"LiquidMemories"},{"floor":27,"key":"AttackPotion"},{"floor":35,"key":"SkillPotion"},{"floor":36,"key":"EssenceOfSteel"}],"is_trial":false,"path_per_floor":["M","$","M","?","M","R","E","R","T","E","?","M","T","?","R","B",null,"M","M","$","T","M","R","$","?","T","E","R","E","?","T","R","B",null,"M","M","?","$","M","E","R","E","T","M","R","M","?","E","R","B",null],"character_chosen":"IRONCLAD","items_purchased":["Combust","Inflame"],"campfire_rested":4,"item_purchase_floors":[2,24],"current_hp_per_floor":[66,66,68,68,68,68,60,60,60,40,40,42,42,42,42,24,57,60,61,61,61,56,56,56,56,56,33,53,59,59,59,59,15,55,51,52,52,52,49,27,47,30,30,29,50,49,52,47,70,32],"gold":19,"neow_bonus":"ONE_RARE_RELIC","is_prod":false,"is_daily":false,"chose_seed":false,"campfire_upgraded":5,"win_rate":0,"timestamp":1640065801,"path_taken":["M","$","M","?","M","R","E","R","T","E","?","M","?","?","R","BOSS","M","M","$","?","M","R","$","?","T","E","R","E","?","?","R","BOSS","M","M","?","$","M","E","R","E","T","M","R","M","?","E","R","BOSS"],"build_version":"2020-12-22","purchased_purges":2,"victory":true,"max_hp_per_floor":[68,68,68,68,68,68,68,68,68,68,68,68,68,68,68,68,68,68,68,68,68,68,68,68,68,68,68,68,68,68,68,68,68,68,68,71,67,67,67,67,67,67,67,70,70,74,77,77,77,77],"card_choices":[{"not_picked":["Wild Strike","Searing Blow"],"picked":"Whirlwind","floor":1.0},{"not_picked":["Sword Boomerang","Dual Wield"],"picked":"Iron Wave","floor":3.0},{"not_picked":["Clash","Thunderclap","Flex"],"picked":"SKIP","floor":5.0},{"not_picked":["Clash","Armaments"],"picked":"Pommel Strike","floor":7.0},{"not_picked":["Perfected Strike","Entrench"],"picked":"Limit Break","floor":10.0},{"not_picked":["Twin Strike","Thunderclap","Intimidate"],"picked":"SKIP","floor":12.0},{"not_picked":["Double Tap","Demon Form"],"picked":"Impervious","floor":16},{"not_picked":["True Grit","Blood for Blood"],"picked":"Uppercut","floor":18},{"not_picked":["Armaments","Twin Strike"],"picked":"Warcry+1","floor":19},{"not_picked":["Anger","Carnage"],"picked":"Disarm","floor":22},{"not_picked":["Pommel Strike","Headbutt"],"picked":"Feed","floor":27},{"not_picked":["Pommel Strike","Dropkick"],"picked":"Heavy Blade","floor":29},{"not_picked":["Exhume","Feed"],"picked":"Offering","floor":33},{"not_picked":["Heavy Blade+1","Anger"],"picked":"Metallicize+1","floor":35},{"not_picked":["Dropkick","Carnage"],"picked":"Shrug It Off","floor":36},{"not_picked":["Wild Strike+1","Armaments","Infernal Blade"],"picked":"SKIP","floor":39},{"not_picked":["Infernal Blade","Shrug It Off"],"picked":"Barricade","floor":40},{"not_picked":["Flex","Warcry"],"picked":"Burning Pact","floor":42},{"not_picked":["Evolve","Pommel Strike"],"picked":"Armaments+1","floor":44},{"not_picked":["Pommel Strike","Clothesline"],"picked":"Uppercut+1","floor":46},{"not_picked":["Intimidate","Flex"],"picked":"Dark Embrace","floor":47},{"not_picked":["Limit Break","Flex+1"],"picked":"Armaments+1","floor":48}],"player_experience":5000767,"relics_obtained":[{"floor":7.0,"key":"Oddly Smooth Stone"},{"floor":9.0,"key":"Juzu Bracelet"},{"floor":10.0,"key":"Bronze Scales"},{"floor":13.0,"key":"Lantern"},{"floor":21,"key":"The Courier"},{"floor":26,"key":"Gambling Chip"},{"floor":27,"key":"Vajra"},{"floor":29,"key":"Nunchaku"},{"floor":31,"key":"Akabeko"},{"floor":40,"key":"Omamori"},{"floor":42,"key":"Darkstone Periapt"},{"floor":43,"key":"Mummified Hand"},{"floor":47,"key":"Prayer Wheel"},{"floor":48,"key":"Pen Nib"}],"event_choices":[{"damage_healed":0.0,"max_hp_gain":0.0,"max_hp_loss":0.0,"gold_gain":0.0,"event_name":"Match and Keep!","player_choice":"0 cards matched","floor":4.0,"gold_loss":0.0,"damage_taken":0.0,"cards_obtained":[]},{"damage_healed":0.0,"max_hp_gain":0.0,"max_hp_loss":0.0,"gold_gain":0.0,"event_name":"Wheel of Change","player_choice":"Cursed","floor":11.0,"gold_loss":0.0,"damage_taken":0.0,"cards_obtained":["Decay"]},{"cards_removed":["Decay"],"damage_healed":0.0,"max_hp_gain":0.0,"max_hp_loss":0.0,"gold_gain":0.0,"event_name":"Purifier","player_choice":"Purged","floor":14.0,"gold_loss":0.0,"damage_taken":0.0},{"damage_healed":0,"gold_gain":0,"player_choice":"Gave Potion","damage_taken":0,"relics_obtained":["Blue Candle"],"max_hp_gain":0,"max_hp_loss":0,"event_name":"WeMeetAgain","floor":25,"gold_loss":0},{"damage_healed":0,"gold_gain":0,"cards_transformed":["Strike_R"],"player_choice":"Transformed","damage_taken":0,"max_hp_gain":0,"max_hp_loss":0,"event_name":"Transmorgrifier","floor":30,"gold_loss":0,"cards_obtained":["Searing Blow"]},{"damage_healed":0,"gold_gain":0,"player_choice":"Max HP","damage_taken":0,"max_hp_gain":0,"max_hp_loss":4,"event_name":"Winding Halls","floor":37,"gold_loss":0},{"damage_healed":0,"gold_gain":0,"player_choice":"Fight","damage_taken":0,"max_hp_gain":0,"max_hp_loss":0,"event_name":"MindBloom","floor":47,"gold_loss":0}],"is_beta":false,"boss_relics":[{"not_picked":["Tiny House","Black Blood"],"picked":"Ectoplasm"},{"not_picked":["Empty Cage","Runic Pyramid"],"picked":"Fusion Hammer"}],"items_purged_floors":[20,24],"is_endless":false,"potions_floor_spawned":[1,3,16,18,27,35,36,39],"ascension_level":15}