{"gold_per_floor":[110,35,53,53,71,97,97,117,142,174,99,117,152,152,152,223,223,242,252,252,252,1,1,34,34,34,46,76,138,150],"floor_reached":30,"playtime":719,"items_purged":["Strike_R","Strike_R"],"score":466,"play_id":"c938d5e7-a028-40a4-a701-7b3bce6ff714","local_time":"20220103183153","is_ascension_mode":true,"campfire_choices":[{"data":"Fire Breathing","floor":7,"key":"SMITH"},{"data":"Fiend Fire","floor":15,"key":"SMITH"},{"data":"Exhume","floor":23,"key":"SMITH"},{"data":"Intimidate","floor":25,"key":"SMITH"}],"neow_cost":"NONE","seed_source_timestamp":35818996341300,"circlet_count":0,"master_deck":["AscendersBane","Strike_R","Defend_R","Defend_R","Defend_R","Defend_R","Bash","Cleave","Uppercut+1","Ghostly Armor","Fire Breathing+1","Battle Trance+1","Hemokinesis+1","Fiend Fire+1","Exhume+1","Seeing Red+1","Perfected Strike","Intimidate+1"],"relics":["Burning Blood","Dream Catcher","Oddly Smooth Stone","Regal Pillow","MealTicket","Potion Belt","Mark of Pain","Nilry\u0027s Codex","Strange Spoon","Strawberry","MawBank"],"potions_floor_usage":[6,19,30],"damage_taken":[{"damage":2,"enemies":"2 Louse","floor":1,"turns":4},{"damage":6,"enemies":"Cultist","floor":3,"turns":3},{"damage":13,"enemies":"Small Slimes","floor":5,"turns":3},{"damage":24,"enemies":"Gremlin Nob","floor":6,"turns":4},{"damage":1,"enemies":"Blue Slaver","floor":8,"turns":4},{"damage":3,"enemies":"3 Sentries","floor":10,"turns":5},{"damage":4,"enemies":"Looter","floor":12,"turns":3},{"damage":24,"enemies":"Gremlin Nob","floor":13,"turns":4},{"damage":28,"enemies":"Slime Boss","floor":16,"turns":7},{"damage":12,"enemies":"Shell Parasite","floor":18,"turns":3},{"damage":5,"enemies":"Spheric Guardian","floor":19,"turns":3},{"damage":16,"enemies":"Book of Stabbing","floor":24,"turns":3},{"damage":21,"enemies":"Centurion and Healer","floor":28,"turns":6},{"damage":38,"enemies":"Gremlin Leader","floor":30,"turns":5}],"seed_played":"533581729791295703","potions_obtained":[{"floor":5,"key":"Swift Potion"},{"floor":13,"key":"Energy Potion"},{"floor":18,"key":"AttackPotion"}],"is_trial":false,"path_per_floor":["M","$","M","?","M","E","R","M","T","E","$","M","E","?","R","B",null,"M","M","?","?","$","R","E","R","T","?","M","?","E"],"character_chosen":"IRONCLAD","items_purchased":["Hemokinesis","Strange Spoon"],"campfire_rested":0,"item_purchase_floors":[11,22],"current_hp_per_floor":[72,72,72,72,65,47,47,52,52,55,70,72,54,31,31,9,59,53,54,33,33,48,48,45,45,45,45,30,30,0],"gold":150,"neow_bonus":"RANDOM_COMMON_RELIC","is_prod":false,"is_daily":false,"chose_seed":false,"campfire_upgraded":4,"win_rate":0,"timestamp":1641263513,"path_taken":["M","$","M","?","M","E","R","M","T","E","?","M","E","?","R","BOSS","M","M","?","?","$","R","E","R","T","?","M","?","E"],"build_version":"2020-12-22","purchased_purges":2,"victory":false,"max_hp_per_floor":[75,75,75,75,75,75,75,75,75,75,75,75,75,75,75,75,75,75,75,75,75,75,75,82,82,82,82,82,82,82],"relic_stats":{"Strange Spoon":[9],"Dream Catcher":0,"Regal Pillow":0,"counters":[14,57],"Nilry\u0027s Codex":[1,3,2,6],"MealTicket":30,"MawBank":48,"obtain_stats":[{"Potion Belt":13,"Strange Spoon":22,"Dream Catcher":0,"Regal Pillow":9,"Nilry\u0027s Codex":20,"Strawberry":24,"Oddly Smooth Stone":6,"MealTicket":10,"Mark of Pain":17,"MawBank":26,"Burning Blood":0},{"Potion Belt":8,"Strange Spoon":11,"Dream Catcher":0,"Regal Pillow":5,"Nilry\u0027s Codex":11,"Strawberry":12,"Oddly Smooth Stone":4,"MealTicket":6,"Mark of Pain":9,"MawBank":12,"Burning Blood":0},{"Potion Belt":30,"Strange Spoon":43,"Dream Catcher":0,"Regal Pillow":18,"Nilry\u0027s Codex":43,"Strawberry":46,"Oddly Smooth Stone":14,"MealTicket":23,"Mark of Pain":37,"MawBank":46,"Burning Blood":0}],"Burning Blood":78},"card_choices":[{"not_picked":["Clothesline","Sword Boomerang"],"picked":"Cleave","floor":1},{"not_picked":["Headbutt","Thunderclap"],"picked":"Uppercut","floor":3},{"not_picked":["Dual Wield","Sword Boomerang"],"picked":"Ghostly Armor","floor":5},{"not_picked":["True Grit","Intimidate"],"picked":"Fire Breathing","floor":6},{"not_picked":["True Grit","Rupture"],"picked":"Battle Trance","floor":8},{"not_picked":["Warcry","Flex","Sword Boomerang"],"picked":"SKIP","floor":10},{"not_picked":["Pummel","Havoc"],"picked":"Fiend Fire","floor":12},{"not_picked":["Cleave","Intimidate","Twin Strike"],"picked":"SKIP","floor":13},{"not_picked":["Berserk","Brutality"],"picked":"Exhume","floor":16},{"not_picked":["Cleave","Wild Strike","Intimidate"],"picked":"SKIP","floor":18},{"not_picked":["Infernal Blade","Body Slam"],"picked":"Seeing Red+1","floor":19},{"not_picked":["Pommel Strike","Heavy Blade","Infernal Blade"],"picked":"SKIP","floor":24},{"not_picked":["Seeing Red","Combust","Body Slam"],"picked":"SKIP","floor":28}],"player_experience":5028902,"relics_obtained":[{"floor":6,"key":"Oddly Smooth Stone"},{"floor":9,"key":"Regal Pillow"},{"floor":10,"key":"MealTicket"},{"floor":13,"key":"Potion Belt"},{"floor":20,"key":"Nilry\u0027s Codex"},{"floor":24,"key":"Strawberry"},{"floor":26,"key":"MawBank"}],"event_choices":[{"damage_healed":0,"gold_gain":0,"player_choice":"Forge","damage_taken":0,"max_hp_gain":0,"max_hp_loss":0,"event_name":"Accursed Blacksmith","floor":4,"gold_loss":0,"cards_upgraded":["Uppercut"]},{"damage_healed":0,"gold_gain":0,"player_choice":"Entered Light","damage_taken":23,"max_hp_gain":0,"max_hp_loss":0,"event_name":"Shining Light","floor":14,"gold_loss":0,"cards_upgraded":["Battle Trance","Hemokinesis"]},{"damage_healed":0,"gold_gain":0,"player_choice":"Obtained Book","damage_taken":21,"max_hp_gain":0,"max_hp_loss":0,"event_name":"Cursed Tome","floor":20,"gold_loss":0},{"damage_healed":0,"gold_gain":0,"cards_transformed":["Strike_R","Strike_R"],"player_choice":"Became Test Subject","damage_taken":0,"max_hp_gain":0,"max_hp_loss":0,"event_name":"Drug Dealer","floor":21,"gold_loss":0,"cards_obtained":["Perfected Strike","Intimidate"]},{"damage_healed":0,"gold_gain":0,"player_choice":"Ignored","damage_taken":0,"max_hp_gain":0,"max_hp_loss":0,"event_name":"Vampires","floor":27,"gold_loss":0},{"damage_healed":0,"gold_gain":50,"player_choice":"Stole From Cult","damage_taken":0,"max_hp_gain":0,"max_hp_loss":0,"event_name":"Nest","floor":29,"gold_loss":0}],"is_beta":false,"boss_relics":[{"not_picked":["Coffee Dripper","Tiny House"],"picked":"Mark of Pain"}],"items_purged_floors":[2,22],"is_endless":false,"potions_floor_spawned":[5,13,18],"killed_by":"Gremlin Leader","ascension_level":15}