{"gold_per_floor":[115,115,22,32,49,49,60,93,93,93,110,110,145,27,27,27],"floor_reached":16,"playtime":592,"items_purged":["Strike_R"],"score":193,"play_id":"25a7236f-a46f-4948-bbc1-86325cff4764","local_time":"20220103181936","is_ascension_mode":true,"campfire_choices":[{"data":"Armaments","floor":6.0,"key":"SMITH"},{"data":"Inflame","floor":10.0,"key":"SMITH"},{"data":"Shockwave","floor":15.0,"key":"SMITH"}],"neow_cost":"NONE","seed_source_timestamp":35049517107900,"circlet_count":0,"master_deck":["AscendersBane","Strike_R","Strike_R","Strike_R","Defend_R","Defend_R","Defend_R","Defend_R","Bash+1","Shrug It Off","Inflame+1","Sword Boomerang","Armaments+1","Shockwave+1","Second Wind","Clothesline","Feel No Pain"],"special_seed":0,"relics":["Burning Blood","Lantern","The Courier","Gambling Chip"],"potions_floor_usage":[16,16],"damage_taken":[{"damage":9.0,"enemies":"Jaw Worm","floor":1.0,"turns":6.0},{"damage":8.0,"enemies":"Small Slimes","floor":4.0,"turns":4.0},{"damage":3.0,"enemies":"2 Louse","floor":5.0,"turns":3.0},{"damage":12.0,"enemies":"2 Fungi Beasts","floor":7.0,"turns":4.0},{"damage":39.0,"enemies":"3 Sentries","floor":8.0,"turns":9.0},{"damage":17.0,"enemies":"Gremlin Gang","floor":11.0,"turns":6.0},{"damage":15.0,"enemies":"Lagavulin","floor":13.0,"turns":5.0},{"damage":7,"enemies":"Slime Boss","floor":16,"turns":9}],"seed_played":"-2119211999341698233","potions_obtained":[{"floor":4.0,"key":"SpeedPotion"},{"floor":5.0,"key":"Explosive Potion"},{"floor":8.0,"key":"Swift Potion"}],"is_trial":false,"path_per_floor":["M","?","$","M","M","R","M","E","T","R","M","?","E","$","R","B"],"character_chosen":"IRONCLAD","items_purchased":["Inflame","Sword Boomerang","DistilledChaos"],"campfire_rested":0,"item_purchase_floors":[3,3,14],"current_hp_per_floor":[72,72,72,70,73,73,67,34,34,34,23,16,7,7,7,0],"gold":27,"neow_bonus":"TEN_PERCENT_HP_BONUS","is_prod":false,"is_daily":false,"chose_seed":false,"campfire_upgraded":3,"win_rate":0,"timestamp":1641262776,"path_taken":["M","?","$","M","M","R","M","E","T","R","M","?","E","$","R","BOSS"],"build_version":"2020-12-22","purchased_purges":1,"victory":false,"max_hp_per_floor":[82,82,82,82,82,82,82,82,82,82,82,82,82,82,82,82],"relic_stats":{"counters":[8,46],"Gambling Chip":[5],"The Courier":30,"obtain_stats":[{"Lantern":8,"Gambling Chip":13,"The Courier":9,"Burning Blood":0},{"Lantern":5,"Gambling Chip":7,"The Courier":5,"Burning Blood":0},{"Lantern":26,"Gambling Chip":37,"The Courier":26,"Burning Blood":0}],"Burning Blood":42},"card_choices":[{"not_picked":["Havoc","True Grit"],"picked":"Shrug It Off","floor":1.0},{"not_picked":["Intimidate","Corruption"],"picked":"Armaments","floor":4.0},{"not_picked":["Armaments","True Grit","Wild Strike"],"picked":"SKIP","floor":5.0},{"not_picked":["Warcry","Rampage"],"picked":"Shockwave","floor":7.0},{"not_picked":["Shrug It Off","Clash"],"picked":"Second Wind","floor":8.0},{"not_picked":["Warcry","Shrug It Off"],"picked":"Clothesline","floor":11.0},{"not_picked":["Carnage","Sentinel"],"picked":"Feel No Pain","floor":13.0}],"player_experience":5028310,"relics_obtained":[{"floor":8.0,"key":"Lantern"},{"floor":9.0,"key":"The Courier"},{"floor":13.0,"key":"Gambling Chip"}],"event_choices":[{"damage_healed":0.0,"max_hp_gain":0.0,"max_hp_loss":0.0,"gold_gain":0.0,"event_name":"Living Wall","player_choice":"Grow","floor":2.0,"gold_loss":0.0,"damage_taken":0.0,"cards_upgraded":["Bash"]},{"cards_removed":["Strike_R"],"damage_healed":0.0,"max_hp_gain":0.0,"max_hp_loss":0.0,"gold_gain":0.0,"event_name":"Golden Wing","player_choice":"Card Removal","floor":12.0,"gold_loss":0.0,"damage_taken":7.0}],"is_beta":false,"boss_relics":[],"items_purged_floors":[14],"is_endless":false,"potions_floor_spawned":[4,5,7,8],"killed_by":"Slime Boss","ascension_level":15}