{"gold_per_floor":[119,41,116,128,139,165,165,165,189,221,239,164,164,65,65,138,138,151,151,161,181,29,29,54,66,66,96,96,114,143,162,162,240,240,251,263,263,278,278,315,330,357,357,382,9,9,43,76,76,76],"floor_reached":51,"playtime":1997,"items_purged":["Strike_R","Strike_R"],"score":1474,"play_id":"67f0dcd6-29dc-4087-b851-9b2cf7bb3e64","local_time":"20220203220647","is_ascension_mode":true,"campfire_choices":[{"data":"Feed","floor":7.0,"key":"SMITH"},{"data":"Combust","floor":13.0,"key":"SMITH"},{"data":"Inflame","floor":15.0,"key":"SMITH"},{"floor":23,"key":"REST"},{"data":"Limit Break","floor":28,"key":"SMITH"},{"floor":32,"key":"REST"},{"floor":46,"key":"REST"},{"floor":49,"key":"REST"}],"neow_cost":"NONE","seed_source_timestamp":308393518144000,"circlet_count":0,"master_deck":["AscendersBane","Strike_R","Strike_R","Defend_R","Defend_R","Defend_R","Defend_R","Bash+1","Inflame+1","Carnage","Sword Boomerang","Heavy Blade","Feed+1","Cleave","Combust+1","Clothesline","Exhume","Twin Strike","Flame Barrier+1","Inflame","Limit Break+1","Heavy Blade+1","Spot Weakness","Exhume","Fiend Fire","Pommel Strike+1","Apotheosis","Parasite","Limit Break","Uppercut","Flame Barrier","Impervious","Dark Embrace"],"special_seed":0,"relics":["Burning Blood","Juzu Bracelet","Regal Pillow","Letter Opener","Snecko Eye","Bag of Marbles","Singing Bowl","Red Mask","Tiny Chest","Philosopher\u0027s Stone","CeramicFish","Shuriken","Mummified Hand","Charon\u0027s Ashes","Blue Candle"],"potions_floor_usage":[24,25,30,50,50],"damage_taken":[{"damage":8.0,"enemies":"2 Louse","floor":1.0,"turns":4.0},{"damage":0.0,"enemies":"Small Slimes","floor":4.0,"turns":3.0},{"damage":2.0,"enemies":"Jaw Worm","floor":5.0,"turns":3.0},{"damage":21.0,"enemies":"Lagavulin","floor":6.0,"turns":7.0},{"damage":25.0,"enemies":"3 Sentries","floor":10.0,"turns":7.0},{"damage":19.0,"enemies":"Exordium Thugs","floor":11.0,"turns":4.0},{"damage":28.0,"enemies":"Slime Boss","floor":16.0,"turns":7.0},{"damage":5.0,"enemies":"Chosen","floor":18.0,"turns":4.0},{"damage":40.0,"enemies":"2 Thieves","floor":20.0,"turns":4.0},{"damage":26.0,"enemies":"Centurion and Healer","floor":21.0,"turns":10.0},{"damage":3,"enemies":"Gremlin Leader","floor":24,"turns":6},{"damage":0,"enemies":"Sentry and Sphere","floor":25,"turns":3},{"damage":36,"enemies":"Masked Bandits","floor":27,"turns":4},{"damage":10,"enemies":"Chosen and Byrds","floor":29,"turns":4},{"damage":17,"enemies":"Slavers","floor":30,"turns":3},{"damage":18,"enemies":"Snake Plant","floor":31,"turns":3},{"damage":48,"enemies":"Automaton","floor":33,"turns":6},{"damage":0,"enemies":"Orb Walker","floor":35,"turns":2},{"damage":35,"enemies":"3 Darklings","floor":36,"turns":5},{"damage":0,"enemies":"Writhing Mass","floor":38,"turns":2},{"damage":38,"enemies":"Giant Head","floor":40,"turns":6},{"damage":21,"enemies":"Jaw Worm Horde","floor":41,"turns":3},{"damage":16,"enemies":"Reptomancer","floor":42,"turns":5},{"damage":22,"enemies":"4 Shapes","floor":44,"turns":3},{"damage":0,"enemies":"Mind Bloom Boss Battle","floor":47,"turns":4},{"damage":20,"enemies":"Nemesis","floor":48,"turns":3},{"damage":35,"enemies":"Time Eater","floor":50,"turns":8}],"seed_played":"-1067859449467044530","potions_obtained":[{"floor":0.0,"key":"EntropicBrew"},{"floor":0.0,"key":"SkillPotion"},{"floor":6.0,"key":"Regen Potion"},{"floor":11.0,"key":"Weak Potion"},{"floor":18.0,"key":"SteroidPotion"},{"floor":27,"key":"SkillPotion"},{"floor":29,"key":"ElixirPotion"},{"floor":36,"key":"EssenceOfSteel"},{"floor":41,"key":"SpeedPotion"},{"floor":42,"key":"Dexterity Potion"}],"is_trial":false,"path_per_floor":["M","$","?","M","M","E","R","?","T","E","M","?","R","$","R","B",null,"M","?","M","M","$","R","E","M","T","?","R","M","E","M","R","B",null,"M","M","?","M","?","E","M","E","T","M","$","R","?","E","R","B",null],"character_chosen":"IRONCLAD","items_purchased":["Carnage","Clothesline","Flame Barrier","Inflame","Flame Barrier","Impervious","HeartOfIron"],"campfire_rested":4,"item_purchase_floors":[2,14,22,22,45,45,45],"current_hp_per_floor":[66,66,55,61,65,50,50,50,50,35,38,38,38,38,38,20,70,75,75,45,33,33,78,81,91,91,67,67,67,62,54,107,69,116,122,95,89,97,97,65,52,48,48,44,44,106,112,100,161,136],"gold":76,"neow_bonus":"THREE_SMALL_POTIONS","is_prod":false,"is_daily":false,"chose_seed":false,"campfire_upgraded":4,"win_rate":0,"timestamp":1643954807,"path_taken":["M","$","?","M","M","E","R","?","T","E","M","?","R","?","R","BOSS","M","?","M","M","$","R","E","M","T","?","R","M","E","M","R","BOSS","M","M","?","M","?","E","M","E","T","M","$","R","?","E","R","BOSS"],"build_version":"2020-12-22","purchased_purges":2,"victory":true,"max_hp_per_floor":[75,75,75,75,75,75,75,75,75,79,83,83,83,83,83,87,87,91,91,95,103,103,103,103,107,107,113,113,117,123,127,127,131,131,131,133,137,139,139,139,141,147,147,159,159,159,159,161,161,165],"relic_stats":{"Regal Pillow":58,"Singing Bowl":18,"counters":[27,123],"CeramicFish":45,"Blue Candle":[1],"Charon\u0027s Ashes":[22],"Juzu Bracelet":1,"Letter Opener":[66],"Burning Blood":162,"Shuriken":[5],"Mummified Hand":[9],"Snecko Eye":[154,165,139,130,-79],"Tiny Chest":0,"obtain_stats":[{"Regal Pillow":9,"Singing Bowl":26,"CeramicFish":40,"Blue Candle":48,"Charon\u0027s Ashes":47,"Juzu Bracelet":6,"Letter Opener":10,"Burning Blood":0,"Shuriken":42,"Mummified Hand":43,"Snecko Eye":17,"Tiny Chest":30,"Philosopher\u0027s Stone":34,"Bag of Marbles":24,"Red Mask":27},{"Regal Pillow":4,"Singing Bowl":12,"CeramicFish":21,"Blue Candle":26,"Charon\u0027s Ashes":25,"Juzu Bracelet":4,"Letter Opener":5,"Burning Blood":0,"Shuriken":23,"Mummified Hand":23,"Snecko Eye":7,"Tiny Chest":15,"Philosopher\u0027s Stone":17,"Bag of Marbles":11,"Red Mask":13},{"Regal Pillow":17,"Singing Bowl":62,"CeramicFish":97,"Blue Candle":115,"Charon\u0027s Ashes":112,"Juzu Bracelet":17,"Letter Opener":24,"Burning Blood":0,"Shuriken":105,"Mummified Hand":105,"Snecko Eye":35,"Tiny Chest":73,"Philosopher\u0027s Stone":82,"Bag of Marbles":59,"Red Mask":66}]},"card_choices":[{"not_picked":["True Grit","Wild Strike"],"picked":"Inflame","floor":1.0},{"not_picked":["Shrug It Off","Battle Trance"],"picked":"Sword Boomerang","floor":4.0},{"not_picked":["True Grit","Clash"],"picked":"Heavy Blade","floor":5.0},{"not_picked":["Spot Weakness","Reckless Charge"],"picked":"Feed","floor":6.0},{"not_picked":["Wild Strike","Sword Boomerang"],"picked":"Cleave","floor":10.0},{"not_picked":["Wild Strike","True Grit"],"picked":"Combust","floor":11.0},{"not_picked":["Demon Form","Berserk"],"picked":"Exhume","floor":16.0},{"not_picked":["Sword Boomerang","Body Slam","Infernal Blade"],"picked":"SKIP","floor":18.0},{"not_picked":["Flex","Anger"],"picked":"Twin Strike","floor":20.0},{"not_picked":["Combust+1","Havoc","Pommel Strike"],"picked":"SKIP","floor":21.0},{"not_picked":["Rage","Rampage"],"picked":"Limit Break","floor":24},{"not_picked":["Flex","Metallicize"],"picked":"Heavy Blade+1","floor":25},{"not_picked":["Clothesline","Clash","Twin Strike"],"picked":"Singing Bowl","floor":27},{"not_picked":["Iron Wave","Rage"],"picked":"Spot Weakness","floor":29},{"not_picked":["Blood for Blood","Anger+1","Thunderclap"],"picked":"Singing Bowl","floor":30},{"not_picked":["Sentinel","Wild Strike"],"picked":"Exhume","floor":31},{"not_picked":["Double Tap","Demon Form"],"picked":"Fiend Fire","floor":33},{"not_picked":["Body Slam","Heavy Blade"],"picked":"Pommel Strike+1","floor":35},{"not_picked":["True Grit","Flex","Sword Boomerang"],"picked":"Singing Bowl","floor":36},{"not_picked":["Blind","Magnetism","Enlightenment"],"picked":"Singing Bowl","floor":37},{"not_picked":["Discovery","Purity","Panache"],"picked":"Singing Bowl","floor":37},{"not_picked":["Master of Strategy","Blind"],"picked":"Apotheosis","floor":37},{"not_picked":["Warcry","Perfected Strike","Rage"],"picked":"Singing Bowl","floor":38},{"not_picked":["Warcry","Clothesline+1"],"picked":"Limit Break","floor":40},{"not_picked":["Warcry","Anger","Thunderclap"],"picked":"Singing Bowl","floor":41},{"not_picked":["Heavy Blade","Seeing Red","Hemokinesis"],"picked":"Singing Bowl","floor":42},{"not_picked":["Armaments","Iron Wave"],"picked":"Uppercut","floor":44},{"not_picked":["Clash+1","Pummel+1"],"picked":"Dark Embrace","floor":47},{"not_picked":["Bludgeon","Carnage","Rupture"],"picked":"Singing Bowl","floor":48}],"player_experience":5033471,"relics_obtained":[{"floor":6.0,"key":"Juzu Bracelet"},{"floor":9.0,"key":"Regal Pillow"},{"floor":10.0,"key":"Letter Opener"},{"floor":24,"key":"Bag of Marbles"},{"floor":26,"key":"Singing Bowl"},{"floor":27,"key":"Red Mask"},{"floor":30,"key":"Tiny Chest"},{"floor":40,"key":"CeramicFish"},{"floor":42,"key":"Shuriken"},{"floor":43,"key":"Mummified Hand"},{"floor":47,"key":"Charon\u0027s Ashes"},{"floor":48,"key":"Blue Candle"}],"event_choices":[{"damage_healed":0.0,"max_hp_gain":0.0,"max_hp_loss":0.0,"gold_gain":75.0,"event_name":"World of Goop","player_choice":"Gather Gold","floor":3.0,"gold_loss":0.0,"damage_taken":11.0},{"damage_healed":0.0,"max_hp_gain":0.0,"max_hp_loss":0.0,"gold_gain":0.0,"event_name":"Living Wall","player_choice":"Grow","floor":8.0,"gold_loss":0.0,"damage_taken":0.0,"cards_upgraded":["Bash"]},{"cards_removed":["Strike_R"],"damage_healed":0.0,"max_hp_gain":0.0,"max_hp_loss":0.0,"gold_gain":0.0,"event_name":"The Cleric","player_choice":"Card Removal","floor":12.0,"gold_loss":75.0,"damage_taken":0.0},{"damage_healed":0.0,"max_hp_gain":0.0,"max_hp_loss":0.0,"gold_gain":0.0,"event_name":"Vampires","player_choice":"Ignored","floor":19.0,"gold_loss":0.0,"damage_taken":0.0},{"damage_healed":0,"gold_gain":0,"player_choice":"Fought Bandits","damage_taken":0,"max_hp_gain":0,"max_hp_loss":0,"event_name":"Masked Bandits","floor":27,"gold_loss":0},{"damage_healed":0,"gold_gain":0,"player_choice":"Memory 3","damage_taken":10,"max_hp_gain":0,"max_hp_loss":0,"event_name":"SensoryStone","floor":37,"gold_loss":0},{"damage_healed":0,"gold_gain":0,"player_choice":"Forge","damage_taken":0,"max_hp_gain":0,"max_hp_loss":0,"event_name":"Accursed Blacksmith","floor":39,"gold_loss":0,"cards_upgraded":["Flame Barrier"]},{"damage_healed":0,"gold_gain":0,"player_choice":"Fight","damage_taken":0,"max_hp_gain":0,"max_hp_loss":0,"event_name":"MindBloom","floor":47,"gold_loss":0}],"is_beta":false,"boss_relics":[{"not_picked":["Black Blood","Busted Crown"],"picked":"Snecko Eye"},{"not_picked":["SacredBark","Cursed Key"],"picked":"Philosopher\u0027s Stone"}],"items_purged_floors":[14,45],"is_endless":false,"potions_floor_spawned":[1,6,10,11,18,20,27,29,36,41,42,48],"ascension_level":15}