{"gold_per_floor":[115,134,114,126,143,171,171,206,232,248,94,111,131,156,156,233,233,246,38,38,51,51,51,61,95,121,71,103,103,137,15,15,88,88,103,121,121,121,121,121,131,151,223,248,262,274,308,308,308,308],"floor_reached":50,"playtime":2028,"items_purged":["Strike_R","Strike_R"],"score":1069,"play_id":"4e86ae17-eff3-41e5-b0ec-a9d6d9ff8102","local_time":"20220204094346","is_ascension_mode":true,"campfire_choices":[{"data":"Clothesline","floor":7.0,"key":"SMITH"},{"data":"Metallicize","floor":15.0,"key":"SMITH"},{"data":"Combust","floor":23.0,"key":"SMITH"},{"data":"Rupture","floor":32,"key":"SMITH"},{"data":"Inflame","floor":40,"key":"SMITH"},{"data":"Disarm","floor":49,"key":"SMITH"}],"neow_cost":"NONE","seed_source_timestamp":4451823172200,"circlet_count":0,"master_deck":["AscendersBane","Strike_R","Strike_R","Strike_R","Defend_R","Defend_R","Defend_R","Defend_R","Bash+1","Blood for Blood","Clothesline+1","Iron Wave","Metallicize+1","Inflame+1","Combust+1","Shockwave","Offering","Disarm+1","Feel No Pain+1","Shrug It Off","Rupture+1","Limit Break","Pommel Strike+1","Heavy Blade","Barricade","Second Wind","Uppercut+1"],"special_seed":0,"relics":["Burning Blood","Singing Bowl","Strawberry","Akabeko","MealTicket","Coffee Dripper","Magic Flower","Potion Belt","Letter Opener","Gremlin Horn","Snecko Eye","Question Card","Shuriken","Anchor"],"potions_floor_usage":[30,33,33,33,47,50,50],"damage_taken":[{"damage":0.0,"enemies":"2 Louse","floor":1.0,"turns":3.0},{"damage":6.0,"enemies":"Cultist","floor":2.0,"turns":3.0},{"damage":0.0,"enemies":"Small Slimes","floor":4.0,"turns":3.0},{"damage":12.0,"enemies":"2 Fungi Beasts","floor":5.0,"turns":3.0},{"damage":33.0,"enemies":"Lagavulin","floor":6.0,"turns":6.0},{"damage":20.0,"enemies":"3 Sentries","floor":8.0,"turns":7.0},{"damage":3.0,"enemies":"Looter","floor":10.0,"turns":4.0},{"damage":6.0,"enemies":"3 Louse","floor":12.0,"turns":3.0},{"damage":9.0,"enemies":"Blue Slaver","floor":13.0,"turns":3.0},{"damage":14.0,"enemies":"Lagavulin","floor":14.0,"turns":5.0},{"damage":16.0,"enemies":"The Guardian","floor":16.0,"turns":10.0},{"damage":18.0,"enemies":"Spheric Guardian","floor":18.0,"turns":4.0},{"damage":9.0,"enemies":"Chosen","floor":21.0,"turns":5.0},{"damage":9.0,"enemies":"Centurion and Healer","floor":24.0,"turns":4.0},{"damage":12.0,"enemies":"Gremlin Leader","floor":25.0,"turns":7.0},{"damage":33.0,"enemies":"Slavers","floor":28.0,"turns":6.0},{"damage":24,"enemies":"Gremlin Leader","floor":30,"turns":6},{"damage":33,"enemies":"Collector","floor":33,"turns":9},{"damage":5,"enemies":"3 Shapes","floor":35,"turns":9},{"damage":6,"enemies":"Orb Walker","floor":36,"turns":4},{"damage":12,"enemies":"3 Darklings","floor":41,"turns":3},{"damage":16,"enemies":"Jaw Worm Horde","floor":42,"turns":4},{"damage":34,"enemies":"Giant Head","floor":44,"turns":7},{"damage":33,"enemies":"Maw","floor":45,"turns":7},{"damage":9,"enemies":"4 Shapes","floor":46,"turns":3},{"damage":31,"enemies":"Nemesis","floor":47,"turns":7},{"damage":36,"enemies":"Time Eater","floor":50,"turns":5}],"seed_played":"5864748723485317545","potions_obtained":[{"floor":2.0,"key":"Block Potion"},{"floor":3.0,"key":"EntropicBrew"},{"floor":10.0,"key":"BloodPotion"},{"floor":13.0,"key":"AttackPotion"},{"floor":14.0,"key":"Energy Potion"},{"floor":18.0,"key":"LiquidMemories"},{"floor":30,"key":"Block Potion"},{"floor":35,"key":"Dexterity Potion"},{"floor":44,"key":"Fruit Juice"},{"floor":45,"key":"LiquidMemories"},{"floor":47,"key":"Explosive Potion"}],"is_trial":false,"path_per_floor":["M","M","?","M","M","E","R","E","T","M","$","M","M","E","R","B",null,"M","$","?","M","?","R","M","E","T","$","E","?","E","$","R","B",null,"M","M","?","?","$","R","M","M","T","E","M","M","E","?","R","B"],"character_chosen":"IRONCLAD","items_purchased":["Inflame","Disarm","Feel No Pain","Energy Potion","Rupture","Block Potion"],"campfire_rested":0,"item_purchase_floors":[11,19,19,27,31,31],"current_hp_per_floor":[74,74,74,75,69,44,44,37,37,42,42,42,58,50,50,40,76,66,81,81,80,53,53,52,48,48,63,39,39,26,41,41,17,82,86,91,91,93,102,102,99,94,94,69,45,47,25,25,25,0],"gold":308,"neow_bonus":"UPGRADE_CARD","is_prod":false,"is_daily":false,"chose_seed":false,"campfire_upgraded":6,"win_rate":0,"timestamp":1643996626,"path_taken":["M","M","?","M","?","E","R","E","T","M","$","M","M","E","R","BOSS","M","?","?","M","?","R","M","E","T","$","E","?","E","?","R","BOSS","M","M","?","?","$","R","M","M","T","E","M","M","E","?","R","BOSS"],"build_version":"2020-12-22","purchased_purges":2,"victory":false,"max_hp_per_floor":[75,75,75,75,75,77,77,84,84,86,86,86,88,88,88,88,88,90,90,90,92,97,97,99,101,101,101,101,101,103,103,103,103,103,103,105,100,102,102,102,102,104,104,104,104,106,106,106,106,111],"relic_stats":{"Singing Bowl":24,"Gremlin Horn":[12,12],"counters":[27,140],"Shuriken":[6],"Magic Flower":[36],"Snecko Eye":[94,95,86,96,-95],"MealTicket":54,"Letter Opener":[95],"Question Card":4,"obtain_stats":[{"Potion Belt":26,"Singing Bowl":6,"Gremlin Horn":30,"Magic Flower":25,"Letter Opener":28,"Question Card":43,"Burning Blood":0,"Akabeko":9,"Anchor":47,"Shuriken":44,"Strawberry":8,"Snecko Eye":34,"MealTicket":14,"Coffee Dripper":17},{"Potion Belt":15,"Singing Bowl":5,"Gremlin Horn":17,"Magic Flower":15,"Letter Opener":16,"Question Card":22,"Burning Blood":0,"Akabeko":6,"Anchor":26,"Shuriken":23,"Strawberry":6,"Snecko Eye":18,"MealTicket":10,"Coffee Dripper":11},{"Potion Belt":70,"Singing Bowl":18,"Gremlin Horn":82,"Magic Flower":70,"Letter Opener":76,"Question Card":111,"Burning Blood":0,"Akabeko":25,"Anchor":135,"Shuriken":118,"Strawberry":25,"Snecko Eye":91,"MealTicket":40,"Coffee Dripper":50}],"Burning Blood":184},"card_choices":[{"not_picked":["Body Slam","Sword Boomerang"],"picked":"Blood for Blood","floor":1.0},{"not_picked":["Armaments","Blood for Blood"],"picked":"Clothesline","floor":2.0},{"not_picked":["Havoc","Body Slam","Flex"],"picked":"SKIP","floor":4.0},{"not_picked":["Shrug It Off","Body Slam"],"picked":"Iron Wave","floor":5.0},{"not_picked":["Blood for Blood","Pommel Strike","Sword Boomerang"],"picked":"Singing Bowl","floor":6.0},{"not_picked":["Twin Strike","Limit Break"],"picked":"Metallicize","floor":8.0},{"not_picked":["Dropkick","Fire Breathing","Iron Wave"],"picked":"Singing Bowl","floor":10.0},{"not_picked":["Second Wind","Thunderclap"],"picked":"Combust","floor":12.0},{"not_picked":["Dark Embrace","Clash","Warcry"],"picked":"Singing Bowl","floor":13.0},{"not_picked":["Rage","Inflame"],"picked":"Shockwave","floor":14.0},{"not_picked":["Corruption","Reaper"],"picked":"Offering","floor":16.0},{"not_picked":["Thunderclap+1","Metallicize","Flex"],"picked":"Singing Bowl","floor":18.0},{"not_picked":["Armaments","Perfected Strike","Brutality"],"picked":"Singing Bowl","floor":21.0},{"not_picked":["Shrug It Off","Thunderclap+1","Entrench"],"picked":"Singing Bowl","floor":24.0},{"not_picked":["Warcry","Combust","Perfected Strike"],"picked":"Singing Bowl","floor":25.0},{"not_picked":["Feel No Pain","Uppercut"],"picked":"Shrug It Off","floor":28.0},{"not_picked":["Pommel Strike","Body Slam","Iron Wave"],"picked":"Singing Bowl","floor":30},{"not_picked":["Exhume","Bludgeon"],"picked":"Limit Break","floor":33},{"not_picked":["Warcry","Dropkick+1"],"picked":"Pommel Strike+1","floor":35},{"not_picked":["Evolve","Shrug It Off","Searing Blow"],"picked":"Singing Bowl","floor":36},{"not_picked":["Thinking Ahead","Mind Blast","Good Instincts"],"picked":"Singing Bowl","floor":38},{"not_picked":["Flex","Headbutt"],"picked":"Heavy Blade","floor":41},{"not_picked":["Burning Pact","Anger","Cleave"],"picked":"Singing Bowl","floor":42},{"not_picked":["Exhume","Armaments","Heavy Blade+1"],"picked":"Barricade","floor":44},{"not_picked":["Pommel Strike","Wild Strike","Shrug It Off"],"picked":"Second Wind","floor":45},{"not_picked":["Warcry+1","Carnage","Infernal Blade","Anger+1"],"picked":"Singing Bowl","floor":46},{"not_picked":["Sever Soul","Iron Wave","Cleave"],"picked":"Uppercut+1","floor":47}],"player_experience":5039966,"relics_obtained":[{"floor":6.0,"key":"Singing Bowl"},{"floor":8.0,"key":"Strawberry"},{"floor":9.0,"key":"Akabeko"},{"floor":14.0,"key":"MealTicket"},{"floor":25.0,"key":"Magic Flower"},{"floor":26.0,"key":"Potion Belt"},{"floor":28.0,"key":"Letter Opener"},{"floor":30,"key":"Gremlin Horn"},{"floor":43,"key":"Question Card"},{"floor":44,"key":"Shuriken"},{"floor":47,"key":"Anchor"}],"event_choices":[{"damage_healed":0.0,"max_hp_gain":0.0,"max_hp_loss":0.0,"gold_gain":0.0,"event_name":"The Woman in Blue","player_choice":"Bought 1 Potion","floor":3.0,"gold_loss":0.0,"damage_taken":0.0},{"damage_healed":0.0,"max_hp_gain":0.0,"max_hp_loss":0.0,"gold_gain":0.0,"event_name":"Vampires","player_choice":"Ignored","floor":20.0,"gold_loss":0.0,"damage_taken":0.0},{"damage_healed":0.0,"max_hp_gain":5.0,"max_hp_loss":0.0,"gold_gain":0.0,"event_name":"Forgotten Altar","player_choice":"Shed Blood","floor":22.0,"gold_loss":0.0,"damage_taken":32.0},{"damage_healed":0.0,"max_hp_gain":0.0,"max_hp_loss":0.0,"gold_gain":0.0,"event_name":"Ghosts","player_choice":"Ignored","floor":29.0,"gold_loss":0.0,"damage_taken":0.0},{"damage_healed":0,"gold_gain":0,"player_choice":"Max HP","damage_taken":0,"max_hp_gain":0,"max_hp_loss":5,"event_name":"Winding Halls","floor":37,"gold_loss":0},{"damage_healed":0,"gold_gain":0,"player_choice":"Memory 1","damage_taken":0,"max_hp_gain":0,"max_hp_loss":0,"event_name":"SensoryStone","floor":38,"gold_loss":0},{"damage_healed":0,"gold_gain":0,"player_choice":"Forge","damage_taken":0,"max_hp_gain":0,"max_hp_loss":0,"event_name":"Accursed Blacksmith","floor":48,"gold_loss":0,"cards_upgraded":["Feel No Pain"]}],"is_beta":false,"boss_relics":[{"not_picked":["Empty Cage","Busted Crown"],"picked":"Coffee Dripper"},{"not_picked":["Calling Bell","Philosopher\u0027s Stone"],"picked":"Snecko Eye"}],"items_purged_floors":[11,19],"is_endless":false,"potions_floor_spawned":[2,4,10,13,14,18,30,35,44,45,47],"killed_by":"Time Eater","ascension_level":15}