{"gold_per_floor":[218,233,233,244,254,288,288,132,132,132,132,165,182,192,192,266,266,280,292,85,85,60,60,95,112,112,125,125,175,200,216,216,288,288,300,319,335,183,198,198,48,48,48,68,68,101,101,101,101,101],"floor_reached":51,"playtime":2365,"items_purged":["Pain","Strike_R"],"score":1235,"play_id":"fd1fbc6a-e611-4bb9-9a41-9f8877c93948","local_time":"20220226211018","is_ascension_mode":true,"campfire_choices":[{"data":"Carnage","floor":7.0,"key":"SMITH"},{"data":"Inflame","floor":10.0,"key":"SMITH"},{"data":"Disarm","floor":15.0,"key":"SMITH"},{"floor":23.0,"key":"REST"},{"data":"Sword Boomerang","floor":32.0,"key":"SMITH"},{"floor":40,"key":"REST"},{"floor":45,"key":"REST"},{"floor":47,"key":"REST"},{"floor":49,"key":"REST"}],"neow_cost":"NONE","seed_source_timestamp":62931640543500,"circlet_count":0,"master_deck":["AscendersBane","Strike_R","Defend_R","Defend_R","Defend_R+1","Defend_R","Bash","Iron Wave","Disarm+1","Battle Trance+1","Iron Wave","Carnage+1","Inflame+1","Combust","Ghostly Armor+1","Second Wind+1","Limit Break+1","Blood for Blood+1","Battle Trance+1","Berserk+1","Anger","Clothesline+1","Pommel Strike","True Grit+1","Pummel","Disarm+1","Sword Boomerang+1","Cleave","Offering+1","Spot Weakness+1","Seeing Red+1","Power Through+1","Feel No Pain+1","Warcry+1"],"special_seed":0,"relics":["Burning Blood","WarpedTongs","War Paint","Smiling Mask","Toxic Egg 2","PreservedInsect","Astrolabe","Medical Kit","Strawberry","Ornamental Fan","Vajra","SlaversCollar","Sling","Blue Candle","StoneCalendar"],"potions_floor_usage":[39,50,50],"damage_taken":[{"damage":8.0,"enemies":"Small Slimes","floor":1.0,"turns":3.0},{"damage":1.0,"enemies":"Cultist","floor":2.0,"turns":3.0},{"damage":9.0,"enemies":"Jaw Worm","floor":4.0,"turns":4.0},{"damage":15.0,"enemies":"Exordium Wildlife","floor":5.0,"turns":6.0},{"damage":32.0,"enemies":"3 Sentries","floor":6.0,"turns":9.0},{"damage":8.0,"enemies":"Gremlin Nob","floor":12.0,"turns":3.0},{"damage":2.0,"enemies":"2 Fungi Beasts","floor":13.0,"turns":3.0},{"damage":0.0,"enemies":"Looter","floor":14.0,"turns":3.0},{"damage":15.0,"enemies":"The Guardian","floor":16.0,"turns":12.0},{"damage":20.0,"enemies":"3 Byrds","floor":18.0,"turns":6.0},{"damage":11.0,"enemies":"Chosen","floor":19.0,"turns":5.0},{"damage":27.0,"enemies":"Gremlin Leader","floor":24.0,"turns":6.0},{"damage":10.0,"enemies":"Snake Plant","floor":25.0,"turns":4.0},{"damage":25.0,"enemies":"Centurion and Healer","floor":27.0,"turns":6.0},{"damage":12.0,"enemies":"Book of Stabbing","floor":30.0,"turns":6.0},{"damage":0.0,"enemies":"Cultist and Chosen","floor":31.0,"turns":5.0},{"damage":10.0,"enemies":"Champ","floor":33.0,"turns":7.0},{"damage":18.0,"enemies":"Orb Walker","floor":35.0,"turns":4.0},{"damage":9.0,"enemies":"3 Darklings","floor":36.0,"turns":4.0},{"damage":38.0,"enemies":"Sphere and 2 Shapes","floor":37.0,"turns":6.0},{"damage":18,"enemies":"Jaw Worm Horde","floor":39,"turns":5},{"damage":16,"enemies":"4 Shapes","floor":44,"turns":7},{"damage":25,"enemies":"Reptomancer","floor":46,"turns":6},{"damage":45,"enemies":"Time Eater","floor":50,"turns":10}],"seed_played":"-7941555717193942023","potions_obtained":[{"floor":2.0,"key":"FairyPotion"},{"floor":4.0,"key":"SkillPotion"},{"floor":6.0,"key":"SpeedPotion"},{"floor":19.0,"key":"CultistPotion"},{"floor":31.0,"key":"HeartOfIron"},{"floor":35.0,"key":"ColorlessPotion"},{"floor":37.0,"key":"Dexterity Potion"}],"is_trial":false,"path_per_floor":["M","M","?","M","M","E","R","$","T","R","?","E","M","M","R","B",null,"M","M","$","?","$","R","E","M","T","M","?","?","E","M","R","B",null,"M","M","M","$","M","R","$","?","T","M","R","E","R","?","R","B",null],"character_chosen":"IRONCLAD","items_purchased":["Inflame","Medical Kit","Pommel Strike","Sling","Power Through+1","GamblersBrew"],"campfire_rested":5,"item_purchase_floors":[8,20,22,38,41,41],"current_hp_per_floor":[66,71,71,68,59,33,33,33,33,33,28,26,30,36,36,27,63,49,44,44,23,23,47,33,29,29,10,10,10,32,38,38,34,74,62,59,27,27,15,41,41,41,41,31,57,38,64,64,87,48],"gold":101,"neow_bonus":"HUNDRED_GOLD","is_prod":false,"is_daily":false,"chose_seed":false,"campfire_upgraded":4,"win_rate":0,"timestamp":1645938618,"path_taken":["M","M","?","M","?","E","R","$","T","R","?","E","M","M","R","BOSS","M","M","$","?","$","R","E","M","T","M","?","?","E","M","R","BOSS","M","M","M","$","M","R","$","?","T","M","R","E","R","?","R","BOSS"],"build_version":"2020-12-22","purchased_purges":2,"victory":true,"max_hp_per_floor":[75,75,75,75,75,75,75,75,75,75,75,75,75,75,75,75,75,75,75,75,80,80,80,87,87,87,87,87,87,87,87,87,87,87,87,87,87,87,87,87,87,87,87,87,87,87,87,87,87,87],"card_choices":[{"not_picked":["Sword Boomerang","Body Slam"],"picked":"Iron Wave","floor":1.0},{"not_picked":["Iron Wave","Sentinel"],"picked":"Disarm","floor":2.0},{"not_picked":["Burning Pact","Thunderclap"],"picked":"Battle Trance","floor":4.0},{"not_picked":["Heavy Blade","Sentinel"],"picked":"Iron Wave","floor":5.0},{"not_picked":["Shrug It Off","Hemokinesis"],"picked":"Carnage","floor":6.0},{"not_picked":["Sever Soul","Blood for Blood"],"picked":"Combust","floor":12.0},{"not_picked":["Heavy Blade","Anger"],"picked":"Ghostly Armor+1","floor":13.0},{"not_picked":["Infernal Blade+1","Iron Wave"],"picked":"Second Wind+1","floor":14.0},{"not_picked":["Barricade","Impervious+1"],"picked":"Limit Break+1","floor":16.0},{"not_picked":["Flex+1","Thunderclap"],"picked":"Anger","floor":18.0},{"not_picked":["Disarm+1","Carnage+1"],"picked":"Clothesline+1","floor":19.0},{"not_picked":["Evolve","Rage+1"],"picked":"True Grit+1","floor":24.0},{"not_picked":["Flex+1","Rupture"],"picked":"Pummel","floor":25.0},{"not_picked":["Fire Breathing","Havoc+1"],"picked":"Disarm+1","floor":27.0},{"not_picked":["Body Slam","Rampage"],"picked":"Sword Boomerang","floor":30.0},{"not_picked":["Second Wind+1","Headbutt"],"picked":"Cleave","floor":31.0},{"not_picked":["Demon Form","Limit Break+1"],"picked":"Offering+1","floor":33.0},{"not_picked":["True Grit+1","Thunderclap","Dual Wield+1"],"picked":"SKIP","floor":35.0},{"not_picked":["Burning Pact+1","Wild Strike"],"picked":"Spot Weakness+1","floor":36.0},{"not_picked":["Intimidate+1","Entrench+1"],"picked":"Seeing Red+1","floor":37.0},{"not_picked":["Armaments+1","Battle Trance+1","Pommel Strike"],"picked":"SKIP","floor":39},{"not_picked":["Reckless Charge","Anger"],"picked":"Feel No Pain","floor":44},{"not_picked":["Sever Soul","True Grit+1"],"picked":"Warcry+1","floor":46}],"player_experience":5057777,"relics_obtained":[{"floor":6.0,"key":"War Paint"},{"floor":9.0,"key":"Smiling Mask"},{"floor":12.0,"key":"PreservedInsect"},{"floor":24.0,"key":"Strawberry"},{"floor":26.0,"key":"Ornamental Fan"},{"floor":30.0,"key":"Vajra"},{"floor":43,"key":"Blue Candle"},{"floor":46,"key":"StoneCalendar"}],"event_choices":[{"damage_healed":0.0,"max_hp_gain":0.0,"max_hp_loss":0.0,"gold_gain":0.0,"event_name":"Accursed Blacksmith","player_choice":"Rummage","floor":3.0,"gold_loss":0.0,"damage_taken":0.0,"relics_obtained":["WarpedTongs"],"cards_obtained":["Pain"]},{"damage_healed":0.0,"max_hp_gain":0.0,"max_hp_loss":0.0,"gold_gain":0.0,"event_name":"Scrap Ooze","player_choice":"Success","floor":11.0,"gold_loss":0.0,"damage_taken":5.0,"relics_obtained":["Toxic Egg 2"]},{"damage_healed":0.0,"max_hp_gain":5.0,"max_hp_loss":0.0,"gold_gain":0.0,"event_name":"Forgotten Altar","player_choice":"Shed Blood","floor":21.0,"gold_loss":0.0,"damage_taken":26.0},{"damage_healed":0.0,"max_hp_gain":0.0,"max_hp_loss":0.0,"gold_gain":0.0,"event_name":"The Mausoleum","player_choice":"Ignored","floor":28.0,"gold_loss":0.0,"damage_taken":0.0},{"damage_healed":0.0,"max_hp_gain":0.0,"max_hp_loss":0.0,"gold_gain":50.0,"event_name":"Nest","player_choice":"Stole From Cult","floor":29.0,"gold_loss":0.0,"damage_taken":0.0},{"damage_healed":0,"gold_gain":0,"player_choice":"Ignored","damage_taken":0,"max_hp_gain":0,"max_hp_loss":0,"event_name":"Mysterious Sphere","floor":42,"gold_loss":0},{"damage_healed":0,"gold_gain":0,"player_choice":"Upgraded","damage_taken":0,"max_hp_gain":0,"max_hp_loss":0,"event_name":"Upgrade Shrine","floor":48,"gold_loss":0,"cards_upgraded":["Feel No Pain"]}],"is_beta":false,"boss_relics":[{"not_picked":["Runic Pyramid","Pandora\u0027s Box"],"picked":"Astrolabe"},{"not_picked":["Runic Dome","Black Star"],"picked":"SlaversCollar"}],"items_purged_floors":[8,20],"is_endless":false,"potions_floor_spawned":[2,4,6,12,19,25,27,31,35,37],"ascension_level":15}