{"gold_per_floor":[369,24,24,99,149,149,182,196,196,208,208,221,248,268,268,343,343,357,20,20,20,20,20,54,54,54,54,86,103,116,116,116,116],"floor_reached":33,"playtime":1301,"items_purged":["Regret"],"score":509,"play_id":"3b3fe504-ae2a-433d-a06f-e05a47a1391d","local_time":"20220218221915","is_ascension_mode":true,"campfire_choices":[{"data":"Uppercut","floor":6,"key":"SMITH"},{"data":"Fire Breathing","floor":11,"key":"SMITH"},{"data":"Cleave","floor":15,"key":"SMITH"},{"floor":23,"key":"REST"},{"data":"Ghostly","floor":25,"key":"SMITH"},{"data":"Feel No Pain","floor":27,"key":"SMITH"},{"data":"Power Through","floor":32,"key":"SMITH"}],"neow_cost":"CURSE","seed_source_timestamp":50428072028500,"circlet_count":0,"master_deck":["AscendersBane","Strike_R","Strike_R","Strike_R","Defend_R","Defend_R","Defend_R","Defend_R+1","Bash","Cleave+1","Uppercut+1","Fire Breathing+1","Iron Wave","Clothesline","Dark Embrace","Shrug It Off+1","Brutality","Feel No Pain+1","Dark Embrace","Flex","Ghostly+1","Ghostly","Ghostly","Hemokinesis+1","Sword Boomerang+1","Power Through+1","Shockwave+1","Necronomicurse"],"relics":["Burning Blood","Bag of Preparation","Blood Vial","Matryoshka","Self Forming Clay","Snecko Eye","Pocketwatch","War Paint","Eternal Feather","Molten Egg 2","Bronze Scales","Frozen Egg 2","Happy Flower","Necronomicon"],"potions_floor_usage":[7,16,24,29,33],"damage_taken":[{"damage":7,"enemies":"2 Louse","floor":1,"turns":3},{"damage":21,"enemies":"Gremlin Nob","floor":7,"turns":4},{"damage":0,"enemies":"Small Slimes","floor":8,"turns":3},{"damage":4,"enemies":"Cultist","floor":10,"turns":3},{"damage":5,"enemies":"Blue Slaver","floor":12,"turns":4},{"damage":20,"enemies":"Lagavulin","floor":13,"turns":6},{"damage":2,"enemies":"Exordium Wildlife","floor":14,"turns":3},{"damage":23,"enemies":"Slime Boss","floor":16,"turns":7},{"damage":58,"enemies":"3 Byrds","floor":18,"turns":7},{"damage":24,"enemies":"Slavers","floor":24,"turns":5},{"damage":24,"enemies":"Gremlin Leader","floor":28,"turns":9},{"damage":2,"enemies":"Chosen","floor":29,"turns":5},{"damage":0,"enemies":"Snecko","floor":30,"turns":4},{"damage":31,"enemies":"Collector","floor":33,"turns":5}],"seed_played":"793252441902220589","potions_obtained":[{"floor":1,"key":"DuplicationPotion"},{"floor":8,"key":"Ancient Potion"},{"floor":12,"key":"GamblersBrew"},{"floor":13,"key":"Strength Potion"},{"floor":24,"key":"Dexterity Potion"},{"floor":30,"key":"BlessingOfTheForge"}],"is_trial":false,"path_per_floor":["M","$","?","?","?","R","E","M","T","M","R","M","E","M","R","B",null,"M","$","?","?","T","R","E","R","T","R","E","M","M","?","R","B"],"character_chosen":"IRONCLAD","items_purchased":["Uppercut","Bag of Preparation","Fire Breathing","Pocketwatch","Block Potion"],"campfire_rested":1,"item_purchase_floors":[2,2,2,19,19],"current_hp_per_floor":[67,67,60,49,49,49,34,42,42,46,46,49,37,43,43,28,63,13,13,13,13,13,36,19,31,31,37,19,25,33,12,27,0],"gold":116,"neow_bonus":"TWO_FIFTY_GOLD","is_prod":false,"is_daily":false,"chose_seed":false,"campfire_upgraded":6,"win_rate":0,"timestamp":1645251555,"path_taken":["M","$","?","?","?","R","E","M","T","M","R","?","E","M","R","BOSS","M","$","?","?","?","R","E","R","T","R","E","M","?","?","R","BOSS"],"build_version":"2020-12-22","purchased_purges":1,"victory":false,"max_hp_per_floor":[75,75,75,75,75,75,75,75,75,75,75,75,75,75,75,75,75,75,75,75,37,37,37,37,37,37,37,37,37,37,37,37,37],"card_choices":[{"not_picked":["True Grit","Thunderclap"],"picked":"Cleave","floor":1},{"not_picked":["Wild Strike","Fiend Fire"],"picked":"Iron Wave","floor":7},{"not_picked":["Disarm","Perfected Strike"],"picked":"Anger","floor":8},{"not_picked":["Twin Strike","Rupture","Pommel Strike"],"picked":"SKIP","floor":10},{"not_picked":["Flex","Thunderclap"],"picked":"Clothesline","floor":12},{"not_picked":["Thunderclap","Bloodletting"],"picked":"Dark Embrace","floor":13},{"not_picked":["Ghostly Armor","Heavy Blade"],"picked":"Shrug It Off","floor":14},{"not_picked":["Impervious","Immolate"],"picked":"Brutality","floor":16},{"not_picked":["Perfected Strike","Shrug It Off+1"],"picked":"Feel No Pain","floor":18},{"not_picked":["Perfected Strike+1","Body Slam+1"],"picked":"Hemokinesis+1","floor":24},{"not_picked":["Body Slam+1","Battle Trance"],"picked":"Sword Boomerang+1","floor":28},{"not_picked":["Searing Blow+1","Twin Strike+1"],"picked":"Power Through","floor":29},{"not_picked":["Pummel+1","Twin Strike+1"],"picked":"Shockwave+1","floor":30}],"player_experience":5044273,"relics_obtained":[{"floor":7,"key":"Blood Vial"},{"floor":9,"key":"Matryoshka"},{"floor":13,"key":"Self Forming Clay"},{"floor":22,"key":"War Paint"},{"floor":22,"key":"Eternal Feather"},{"floor":24,"key":"Molten Egg 2"},{"floor":26,"key":"Bronze Scales"},{"floor":26,"key":"Frozen Egg 2"},{"floor":28,"key":"Happy Flower"},{"floor":31,"key":"Necronomicon"}],"event_choices":[{"cards_removed":["Strike_R"],"damage_healed":0,"gold_gain":0,"player_choice":"Card Removal","damage_taken":7,"max_hp_gain":0,"max_hp_loss":0,"event_name":"Golden Wing","floor":3,"gold_loss":0},{"damage_healed":0,"gold_gain":75,"player_choice":"Gather Gold","damage_taken":11,"max_hp_gain":0,"max_hp_loss":0,"event_name":"World of Goop","floor":4,"gold_loss":0},{"damage_healed":0,"gold_gain":50,"player_choice":"Pray","damage_taken":0,"max_hp_gain":0,"max_hp_loss":0,"event_name":"Golden Shrine","floor":5,"gold_loss":0},{"damage_healed":0,"gold_gain":0,"cards_transformed":["Anger","Strike_R"],"player_choice":"Became Test Subject","damage_taken":0,"max_hp_gain":0,"max_hp_loss":0,"event_name":"Drug Dealer","floor":20,"gold_loss":0,"cards_obtained":["Dark Embrace","Flex"]},{"damage_healed":0,"gold_gain":0,"player_choice":"Became a Ghost","damage_taken":0,"max_hp_gain":0,"max_hp_loss":38,"event_name":"Ghosts","floor":21,"gold_loss":0,"cards_obtained":["Ghostly","Ghostly","Ghostly"]},{"damage_healed":0,"gold_gain":0,"player_choice":"Obtained Book","damage_taken":21,"max_hp_gain":0,"max_hp_loss":0,"event_name":"Cursed Tome","floor":31,"gold_loss":0}],"is_beta":false,"boss_relics":[{"not_picked":["Astrolabe","Philosopher\u0027s Stone"],"picked":"Snecko Eye"}],"items_purged_floors":[2],"is_endless":false,"potions_floor_spawned":[1,8,12,13,24,30],"killed_by":"Collector","ascension_level":15}