{"gold_per_floor":[112,122,122,133,147,174,174,139,139,166,180,206,218,218,218,218],"floor_reached":16,"playtime":489,"items_purged":[],"score":214,"play_id":"7e647a03-afc5-479f-bdd3-0127ce165ed6","local_time":"20220316142220","is_ascension_mode":true,"campfire_choices":[{"floor":7.0,"key":"REST"},{"floor":15.0,"key":"REST"}],"neow_cost":"NONE","seed_source_timestamp":51371502024600,"circlet_count":0,"master_deck":["AscendersBane","Strike_R","Strike_R","Strike_R","Strike_R","Strike_R","Defend_R+1","Defend_R+1","Defend_R","Defend_R","Bash","Shrug It Off","Feel No Pain","Battle Trance","Offering","Pommel Strike","Cleave","Second Wind","Rampage","Flame Barrier"],"special_seed":0,"relics":["Burning Blood","NeowsBlessing","Happy Flower","Omamori","Paper Frog","Blood Vial"],"potions_floor_usage":[16,16],"damage_taken":[{"damage":0.0,"enemies":"Cultist","floor":1.0,"turns":1.0},{"damage":0.0,"enemies":"Jaw Worm","floor":2.0,"turns":1.0},{"damage":0.0,"enemies":"2 Louse","floor":4.0,"turns":1.0},{"damage":29.0,"enemies":"Exordium Wildlife","floor":5.0,"turns":10.0},{"damage":55.0,"enemies":"Lagavulin","floor":6.0,"turns":10.0},{"damage":8.0,"enemies":"Gremlin Nob","floor":10.0,"turns":3.0},{"damage":1.0,"enemies":"2 Fungi Beasts","floor":11.0,"turns":4.0},{"damage":24.0,"enemies":"3 Sentries","floor":12.0,"turns":8.0},{"damage":17.0,"enemies":"Exordium Thugs","floor":13.0,"turns":4.0},{"damage":33,"enemies":"The Guardian","floor":16,"turns":7}],"seed_played":"-2210313880756581989","potions_obtained":[{"floor":4.0,"key":"GamblersBrew"},{"floor":6.0,"key":"SkillPotion"},{"floor":12.0,"key":"LiquidBronze"},{"floor":13.0,"key":"PowerPotion"}],"is_trial":false,"path_per_floor":["M","M","?","M","M","E","R","?","T","E","M","E","M","?","R","B"],"character_chosen":"IRONCLAD","items_purchased":[],"campfire_rested":2,"item_purchase_floors":[],"current_hp_per_floor":[74,75,80,80,57,8,32,52,52,50,55,37,28,4,28,0],"gold":218,"neow_bonus":"THREE_ENEMY_KILL","is_prod":false,"is_daily":false,"chose_seed":false,"campfire_upgraded":0,"win_rate":0,"timestamp":1647465740,"path_taken":["M","M","?","M","M","E","R","?","T","E","M","E","M","?","R","BOSS"],"build_version":"2022-03-07","purchased_purges":0,"victory":false,"max_hp_per_floor":[75,75,80,80,80,80,80,80,80,80,80,80,80,80,80,80],"relic_stats":{"Blood Vial":4,"Happy Flower":[8],"counters":[10,49],"Omamori":0,"obtain_stats":[{"Blood Vial":12,"NeowsBlessing":0,"Happy Flower":6,"Omamori":9,"Burning Blood":0,"Paper Frog":10},{"Blood Vial":8,"NeowsBlessing":0,"Happy Flower":5,"Omamori":5,"Burning Blood":0,"Paper Frog":6},{"Blood Vial":38,"NeowsBlessing":0,"Happy Flower":23,"Omamori":23,"Burning Blood":0,"Paper Frog":26}],"Burning Blood":43},"card_choices":[{"not_picked":["Armaments","Infernal Blade"],"picked":"Shrug It Off","floor":1.0},{"not_picked":["Twin Strike","Warcry"],"picked":"Feel No Pain","floor":2.0},{"not_picked":["Heavy Blade","Feel No Pain"],"picked":"Battle Trance","floor":4.0},{"not_picked":["Clash","Armaments"],"picked":"Offering","floor":5.0},{"not_picked":["Havoc","Offering"],"picked":"Pommel Strike","floor":6.0},{"not_picked":["Whirlwind","Armaments"],"picked":"Cleave","floor":10.0},{"not_picked":["Shrug It Off","Havoc"],"picked":"Second Wind","floor":11.0},{"not_picked":["Sword Boomerang","Pummel"],"picked":"Rampage","floor":12.0},{"not_picked":["Burning Pact","Havoc"],"picked":"Flame Barrier","floor":13.0}],"player_experience":5082611,"relics_obtained":[{"floor":6.0,"key":"Happy Flower"},{"floor":9.0,"key":"Omamori"},{"floor":10.0,"key":"Paper Frog"},{"floor":12.0,"key":"Blood Vial"}],"event_choices":[{"damage_healed":0.0,"max_hp_gain":5.0,"max_hp_loss":0.0,"gold_gain":0.0,"event_name":"Big Fish","player_choice":"Donut","floor":3.0,"gold_loss":0.0,"damage_taken":0.0},{"damage_healed":20.0,"max_hp_gain":0.0,"max_hp_loss":0.0,"gold_gain":0.0,"event_name":"The Cleric","player_choice":"Healed","floor":8.0,"gold_loss":35.0,"damage_taken":0.0},{"damage_healed":0.0,"max_hp_gain":0.0,"max_hp_loss":0.0,"gold_gain":0.0,"event_name":"Shining Light","player_choice":"Entered Light","floor":14.0,"gold_loss":0.0,"damage_taken":24.0,"cards_upgraded":["Defend_R","Defend_R"]}],"is_beta":false,"boss_relics":[],"items_purged_floors":[],"is_endless":false,"potions_floor_spawned":[4,6,12,13],"killed_by":"The Guardian","ascension_level":15}