{"gold_per_floor":[218,236,256,276,201,236,236,264,264,264,264,294,307,307,307,383,383,400,450,196,196,208,236,236,271,297,322,347,356,356,385,385,473,482,505,521,55,69,88,116,140,166,246,272,272,321,348,348,348,348],"floor_reached":51,"playtime":2168,"items_purged":["Strike_R","Strike_R","Strike_R"],"score":1589,"play_id":"2643bb06-4866-4429-9db8-64f48dfff42c","local_time":"20220314154629","is_ascension_mode":true,"campfire_choices":[{"data":"Metallicize","floor":7,"key":"SMITH"},{"data":"Bash","floor":10,"key":"SMITH"},{"data":"Fire Breathing","floor":15,"key":"SMITH"},{"data":"Shockwave","floor":24,"key":"SMITH"},{"data":"Twin Strike","floor":30,"key":"SMITH"},{"data":"Demon Form","floor":32,"key":"SMITH"},{"floor":45,"key":"REST"},{"data":"Flame Barrier","floor":49,"key":"SMITH"}],"neow_cost":"NONE","seed_source_timestamp":26571969642300,"circlet_count":0,"master_deck":["AscendersBane","Strike_R","Defend_R","Defend_R","Defend_R","Defend_R","Bash+1","Metallicize+1","Inflame+1","Flame Barrier+1","Anger+1","Demon Form+1","Twin Strike+1","Fire Breathing+1","Offering+1","Impervious","Shockwave+1","Ghostly Armor","Rampage","Shrug It Off","Power Through","Fiend Fire","CurseOfTheBell","Shrug It Off","Cleave","Iron Wave+1","Armaments+1"],"relics":["Burning Blood","Ginger","Bag of Marbles","Art of War","White Beast Statue","Velvet Choker","Red Skull","Ancient Tea Set","Pear","CeramicFish","Oddly Smooth Stone","Calling Bell","Tiny Chest","Darkstone Periapt","Incense Burner","Pocketwatch","Happy Flower","HornCleat","Molten Egg 2","Thread and Needle","StoneCalendar","TungstenRod"],"potions_floor_usage":[6,23,33,47,50,50,50,50],"damage_taken":[{"damage":7,"enemies":"Small Slimes","floor":1,"turns":4},{"damage":0,"enemies":"2 Louse","floor":2,"turns":3},{"damage":3,"enemies":"Cultist","floor":3,"turns":3},{"damage":6,"enemies":"2 Fungi Beasts","floor":4,"turns":4},{"damage":23,"enemies":"Gremlin Nob","floor":6,"turns":4},{"damage":21,"enemies":"3 Sentries","floor":8,"turns":8},{"damage":13,"enemies":"Gremlin Nob","floor":12,"turns":4},{"damage":2,"enemies":"Gremlin Gang","floor":13,"turns":5},{"damage":6,"enemies":"Slime Boss","floor":16,"turns":6},{"damage":1,"enemies":"3 Byrds","floor":18,"turns":3},{"damage":14,"enemies":"2 Thieves","floor":22,"turns":4},{"damage":6,"enemies":"Gremlin Leader","floor":23,"turns":6},{"damage":17,"enemies":"Slavers","floor":25,"turns":5},{"damage":6,"enemies":"Snake Plant","floor":27,"turns":5},{"damage":9,"enemies":"Shelled Parasite and Fungi","floor":28,"turns":6},{"damage":16,"enemies":"Book of Stabbing","floor":31,"turns":5},{"damage":25,"enemies":"Champ","floor":33,"turns":9},{"damage":0,"enemies":"3 Shapes","floor":35,"turns":5},{"damage":11,"enemies":"3 Darklings","floor":36,"turns":10},{"damage":6,"enemies":"Jaw Worm Horde","floor":38,"turns":5},{"damage":0,"enemies":"4 Shapes","floor":39,"turns":5},{"damage":14,"enemies":"Nemesis","floor":40,"turns":5},{"damage":16,"enemies":"Spire Growth","floor":41,"turns":5},{"damage":24,"enemies":"Giant Head","floor":42,"turns":7},{"damage":0,"enemies":"Sphere and 2 Shapes","floor":44,"turns":3},{"damage":6,"enemies":"2 Orb Walkers","floor":46,"turns":4},{"damage":6,"enemies":"Reptomancer","floor":47,"turns":7},{"damage":25,"enemies":"Awakened One","floor":50,"turns":16}],"seed_played":"5320975821130341175","potions_obtained":[{"floor":2,"key":"Weak Potion"},{"floor":4,"key":"DistilledChaos"},{"floor":12,"key":"HeartOfIron"},{"floor":13,"key":"FearPotion"},{"floor":16,"key":"EntropicBrew"},{"floor":23,"key":"FearPotion"},{"floor":33,"key":"Explosive Potion"},{"floor":47,"key":"PowerPotion"}],"is_trial":false,"path_per_floor":["M","M","M","M","$","E","R","E","T","R","?","E","M","?","R","B",null,"M","?","$","?","M","E","R","E","T","M","M","?","R","E","R","B",null,"M","M","$","M","M","E","M","E","T","M","R","?","E","T","R","B",null],"character_chosen":"IRONCLAD","items_purchased":["Red Skull","Pocketwatch","Cleave"],"campfire_rested":1,"item_purchase_floors":[20,37,37],"current_hp_per_floor":[67,73,75,75,75,58,58,43,43,43,20,13,17,10,10,10,59,64,64,64,64,56,56,56,55,55,55,52,52,52,42,42,23,70,76,71,71,71,77,69,59,41,41,47,72,72,72,72,72,53],"gold":348,"neow_bonus":"HUNDRED_GOLD","is_prod":false,"is_daily":false,"chose_seed":false,"campfire_upgraded":7,"win_rate":0,"timestamp":1647297989,"path_taken":["M","M","M","M","$","E","R","E","T","R","?","E","M","?","R","BOSS","M","?","?","?","M","E","R","E","T","M","?","?","R","E","R","BOSS","M","?","$","M","M","E","M","E","T","M","R","?","E","?","R","BOSS"],"build_version":"2022-03-07","purchased_purges":3,"victory":true,"max_hp_per_floor":[75,75,75,75,75,75,75,75,75,75,75,75,75,75,75,75,75,75,75,75,75,75,75,75,85,85,85,85,85,85,85,85,85,85,85,85,85,85,85,85,85,85,85,85,85,85,85,85,85,85],"relic_stats":{"Darkstone Periapt":0,"Happy Flower":[14],"counters":[28,156],"CeramicFish":81,"StoneCalendar":[52],"Ginger":[11],"Ancient Tea Set":[10],"Burning Blood":167,"White Beast Statue":[0.0023354880000000014,0.0,0.09874974720000007,0.0,0.42829127680000034,0.0,0.39301324800000026,0.0,0.07611033600000006,0.0,0.001499904000000001,9.137573171200003],"Tiny Chest":0,"Art of War":[25],"obtain_stats":[{"Darkstone Periapt":34,"Pear":25,"Happy Flower":40,"CeramicFish":26,"Velvet Choker":17,"Oddly Smooth Stone":31,"Thread and Needle":46,"StoneCalendar":47,"Incense Burner":34,"Ginger":6,"Ancient Tea Set":23,"Burning Blood":0,"White Beast Statue":12,"Calling Bell":34,"HornCleat":42,"Tiny Chest":34,"Molten Egg 2":43,"Bag of Marbles":8,"Art of War":9,"Red Skull":20,"TungstenRod":48,"Pocketwatch":37},{"Darkstone Periapt":17,"Pear":13,"Happy Flower":22,"CeramicFish":13,"Velvet Choker":9,"Oddly Smooth Stone":16,"Thread and Needle":26,"StoneCalendar":27,"Incense Burner":17,"Ginger":5,"Ancient Tea Set":12,"Burning Blood":0,"White Beast Statue":7,"Calling Bell":17,"HornCleat":24,"Tiny Chest":17,"Molten Egg 2":24,"Bag of Marbles":6,"Art of War":6,"Red Skull":10,"TungstenRod":27,"Pocketwatch":19},{"Darkstone Periapt":84,"Pear":59,"Happy Flower":114,"CeramicFish":59,"Velvet Choker":41,"Oddly Smooth Stone":75,"Thread and Needle":133,"StoneCalendar":140,"Incense Burner":84,"Ginger":18,"Ancient Tea Set":54,"Burning Blood":0,"White Beast Statue":30,"Calling Bell":84,"HornCleat":126,"Tiny Chest":84,"Molten Egg 2":126,"Bag of Marbles":26,"Art of War":26,"Red Skull":44,"TungstenRod":140,"Pocketwatch":99}],"TungstenRod":5,"Pocketwatch":[105]},"card_choices":[{"not_picked":["Sword Boomerang","Pommel Strike"],"picked":"Metallicize","floor":1},{"not_picked":["Iron Wave","Heavy Blade"],"picked":"Inflame","floor":2},{"not_picked":["Shrug It Off","Reckless Charge"],"picked":"Flame Barrier","floor":3},{"not_picked":["Wild Strike","Whirlwind"],"picked":"Anger","floor":4},{"not_picked":["True Grit","Rage"],"picked":"Demon Form","floor":6},{"not_picked":["Pommel Strike","Havoc"],"picked":"Twin Strike","floor":8},{"not_picked":["Bloodletting","Entrench"],"picked":"Fire Breathing","floor":12},{"not_picked":["Wild Strike","Blood for Blood"],"picked":"Offering","floor":13},{"not_picked":["Demon Form","Corruption"],"picked":"Impervious","floor":16},{"not_picked":["Iron Wave","Havoc","Perfected Strike+1"],"picked":"SKIP","floor":18},{"not_picked":["Entrench","Iron Wave","Rage"],"picked":"SKIP","floor":22},{"not_picked":["Wild Strike","Second Wind"],"picked":"Shockwave","floor":23},{"not_picked":["Berserk","Clothesline"],"picked":"Ghostly Armor","floor":25},{"not_picked":["Second Wind","Evolve"],"picked":"Rampage","floor":27},{"not_picked":["Headbutt","Blood for Blood"],"picked":"Shrug It Off","floor":28},{"not_picked":["Demon Form","Flex","Iron Wave"],"picked":"SKIP","floor":31},{"not_picked":["Brutality","Berserk"],"picked":"Fiend Fire","floor":33},{"not_picked":["True Grit","Perfected Strike"],"picked":"Shrug It Off","floor":35},{"not_picked":["Dropkick","Bloodletting","Flex+1"],"picked":"SKIP","floor":36},{"not_picked":["Evolve","Havoc","Headbutt"],"picked":"SKIP","floor":38},{"not_picked":["Headbutt","Sentinel+1","Twin Strike"],"picked":"SKIP","floor":39},{"not_picked":["Fiend Fire","Seeing Red","Clash"],"picked":"SKIP","floor":40},{"not_picked":["Body Slam+1","Flex"],"picked":"Iron Wave+1","floor":41},{"not_picked":["Rupture","Searing Blow+1","Sentinel"],"picked":"SKIP","floor":42},{"not_picked":["Sever Soul+1","Cleave+1"],"picked":"Armaments+1","floor":44},{"not_picked":["Body Slam+1","Havoc","Seeing Red"],"picked":"SKIP","floor":47}],"player_experience":5075229,"relics_obtained":[{"floor":6,"key":"Ginger"},{"floor":8,"key":"Bag of Marbles"},{"floor":9,"key":"Art of War"},{"floor":12,"key":"White Beast Statue"},{"floor":23,"key":"Ancient Tea Set"},{"floor":25,"key":"Pear"},{"floor":26,"key":"CeramicFish"},{"floor":31,"key":"Oddly Smooth Stone"},{"floor":34,"key":"Tiny Chest"},{"floor":34,"key":"Darkstone Periapt"},{"floor":34,"key":"Incense Burner"},{"floor":40,"key":"Happy Flower"},{"floor":42,"key":"HornCleat"},{"floor":43,"key":"Molten Egg 2"},{"floor":46,"key":"Thread and Needle"},{"floor":47,"key":"StoneCalendar"},{"floor":48,"key":"TungstenRod"}],"event_choices":[{"damage_healed":0,"gold_gain":0,"player_choice":"Entered Light","damage_taken":23,"max_hp_gain":0,"max_hp_loss":0,"event_name":"Shining Light","floor":11,"gold_loss":0,"cards_upgraded":["Anger","Inflame"]},{"cards_removed":["Strike_R"],"damage_healed":0,"gold_gain":0,"player_choice":"Card Removal","damage_taken":7,"max_hp_gain":0,"max_hp_loss":0,"event_name":"Golden Wing","floor":14,"gold_loss":0},{"damage_healed":0,"gold_gain":50,"player_choice":"Pray","damage_taken":0,"max_hp_gain":0,"max_hp_loss":0,"event_name":"Golden Shrine","floor":19,"gold_loss":0},{"damage_healed":0,"gold_gain":0,"player_choice":"Forge","damage_taken":0,"max_hp_gain":0,"max_hp_loss":0,"event_name":"Accursed Blacksmith","floor":21,"gold_loss":0,"cards_upgraded":["Offering"]},{"damage_healed":0,"gold_gain":0,"player_choice":"1 cards matched","damage_taken":0,"max_hp_gain":0,"max_hp_loss":0,"event_name":"Match and Keep!","floor":29,"gold_loss":0,"cards_obtained":["Power Through"]},{"damage_healed":0,"gold_gain":0,"player_choice":"Fight","damage_taken":0,"max_hp_gain":0,"max_hp_loss":0,"event_name":"Mysterious Sphere","floor":46,"gold_loss":0}],"is_beta":false,"boss_relics":[{"not_picked":["Astrolabe","Philosopher\u0027s Stone"],"picked":"Velvet Choker"},{"not_picked":["Black Blood","Fusion Hammer"],"picked":"Calling Bell"}],"items_purged_floors":[5,20,37],"is_endless":false,"potions_floor_spawned":[2,4,12,13,16,18,22,23,25,27,28,31,33,35,36,38,39,40,41,42,44,46,47],"ascension_level":15}