{"gold_per_floor":[112,123,123,136,17,50,50,76,76,106,106,122,397,397],"floor_reached":14,"playtime":285,"items_purged":[],"score":189,"play_id":"19b9f97b-bb0b-425b-b204-75f9667c9344","local_time":"20220320174316","is_ascension_mode":true,"campfire_choices":[{"data":"Bash","floor":7,"key":"SMITH"}],"neow_cost":"NONE","seed_source_timestamp":208892599805600,"circlet_count":0,"master_deck":["AscendersBane","Strike_R","Strike_R","Strike_R","Strike_R","Defend_R","Defend_R","Defend_R","Defend_R","Bash+1","Pommel Strike","Power Through","Blood for Blood","Disarm","Spot Weakness","Hemokinesis","Carnage"],"relics":["Burning Blood","NeowsBlessing","Smiling Mask","Mummified Hand","Art of War","Omamori"],"potions_floor_usage":[6,8],"damage_taken":[{"damage":0,"enemies":"Small Slimes","floor":1,"turns":1},{"damage":0,"enemies":"2 Louse","floor":2,"turns":1},{"damage":0,"enemies":"Cultist","floor":4,"turns":1},{"damage":20,"enemies":"3 Sentries","floor":6,"turns":8},{"damage":8,"enemies":"Gremlin Nob","floor":8,"turns":3},{"damage":42,"enemies":"3 Sentries","floor":10,"turns":8},{"damage":14,"enemies":"Red Slaver","floor":12,"turns":3},{"damage":18,"enemies":"Large Slime","floor":14,"turns":1}],"seed_played":"1285141944160844029","potions_obtained":[{"floor":4,"key":"AttackPotion"},{"floor":10,"key":"Ancient Potion"}],"is_trial":false,"path_per_floor":["M","M","?","M","$","E","R","E","T","E","?","M","?","M"],"character_chosen":"IRONCLAD","items_purchased":["Disarm","AttackPotion"],"campfire_rested":0,"item_purchase_floors":[5,5],"current_hp_per_floor":[74,75,80,80,80,66,66,64,64,28,21,13,13,0],"gold":397,"neow_bonus":"THREE_ENEMY_KILL","is_prod":false,"is_daily":false,"chose_seed":false,"campfire_upgraded":1,"win_rate":0,"timestamp":1647823396,"path_taken":["M","M","?","M","$","E","R","E","T","E","?","M","?","M"],"build_version":"2022-03-07","purchased_purges":0,"victory":false,"max_hp_per_floor":[75,75,80,80,80,80,80,80,80,80,80,80,80,80],"relic_stats":{"counters":[8,26],"Mummified Hand":[0],"Art of War":[1],"Omamori":1,"Smiling Mask":0,"obtain_stats":[{"NeowsBlessing":0,"Mummified Hand":8,"Art of War":9,"Omamori":10,"Smiling Mask":6,"Burning Blood":0},{"NeowsBlessing":0,"Mummified Hand":5,"Art of War":5,"Omamori":6,"Smiling Mask":4,"Burning Blood":0},{"NeowsBlessing":0,"Mummified Hand":14,"Art of War":14,"Omamori":22,"Smiling Mask":11,"Burning Blood":0}],"Burning Blood":31},"card_choices":[{"not_picked":["Entrench","Ghostly Armor"],"picked":"Pommel Strike","floor":1},{"not_picked":["Sword Boomerang","Flex"],"picked":"Power Through","floor":2},{"not_picked":["Rampage","Flex"],"picked":"Blood for Blood","floor":4},{"not_picked":["Heavy Blade","Carnage"],"picked":"Spot Weakness","floor":6},{"not_picked":["Blood for Blood","Twin Strike"],"picked":"Hemokinesis","floor":8},{"not_picked":["Armaments","Havoc"],"picked":"Carnage","floor":10},{"not_picked":["Uppercut","Disarm","Dark Embrace"],"picked":"SKIP","floor":12}],"player_experience":5097563,"relics_obtained":[{"floor":6,"key":"Smiling Mask"},{"floor":8,"key":"Mummified Hand"},{"floor":9,"key":"Art of War"},{"floor":10,"key":"Omamori"}],"event_choices":[{"damage_healed":0,"gold_gain":0,"player_choice":"Donut","damage_taken":0,"max_hp_gain":5,"max_hp_loss":0,"event_name":"Big Fish","floor":3,"gold_loss":0},{"cards_removed":["Strike_R"],"damage_healed":0,"gold_gain":0,"player_choice":"Card Removal","damage_taken":7,"max_hp_gain":0,"max_hp_loss":0,"event_name":"Golden Wing","floor":11,"gold_loss":0},{"damage_healed":0,"gold_gain":275,"player_choice":"Desecrate","damage_taken":0,"max_hp_gain":0,"max_hp_loss":0,"event_name":"Golden Shrine","floor":13,"gold_loss":0,"cards_obtained":["Regret"]}],"is_beta":false,"boss_relics":[],"items_purged_floors":[],"is_endless":false,"potions_floor_spawned":[4,10],"killed_by":"Large Slime","ascension_level":15}