{"gold_per_floor":[118,131,143,155,230,264,284,313,313,313,324,324],"floor_reached":12,"playtime":368,"items_purged":[],"score":161,"play_id":"6a247f42-804f-43fd-8210-9f108992cbb0","local_time":"20220320175143","is_ascension_mode":true,"campfire_choices":[{"data":"Immolate","floor":10.0,"key":"SMITH"}],"neow_cost":"NONE","seed_source_timestamp":209189865542600,"circlet_count":0,"master_deck":["AscendersBane","Strike_R","Strike_R","Strike_R","Strike_R","Strike_R","Defend_R","Defend_R","Defend_R","Defend_R","Bash","Carnage","Spot Weakness","Sword Boomerang","Pummel","Cleave","Immolate+1","Second Wind"],"special_seed":0,"relics":["Burning Blood","Juzu Bracelet","Mercury Hourglass"],"potions_floor_usage":[12],"damage_taken":[{"damage":0.0,"enemies":"2 Louse","floor":1.0,"turns":3.0},{"damage":0.0,"enemies":"Small Slimes","floor":2.0,"turns":2.0},{"damage":6.0,"enemies":"Cultist","floor":3.0,"turns":3.0},{"damage":1.0,"enemies":"Exordium Wildlife","floor":4.0,"turns":3.0},{"damage":25.0,"enemies":"Lagavulin","floor":6.0,"turns":6.0},{"damage":7.0,"enemies":"2 Fungi Beasts","floor":7.0,"turns":4.0},{"damage":26.0,"enemies":"3 Sentries","floor":8.0,"turns":6.0},{"damage":16.0,"enemies":"Exordium Thugs","floor":11.0,"turns":4.0},{"damage":30,"enemies":"Lagavulin","floor":12,"turns":5}],"seed_played":"7237695670779269293","potions_obtained":[{"floor":1.0,"key":"SkillPotion"},{"floor":2.0,"key":"Dexterity Potion"},{"floor":6.0,"key":"AttackPotion"}],"is_trial":false,"path_per_floor":["M","M","M","M","?","E","M","E","T","R","M","E"],"character_chosen":"IRONCLAD","items_purchased":[],"campfire_rested":0,"item_purchase_floors":[],"current_hp_per_floor":[81,82,82,82,71,52,51,31,31,31,21,0],"gold":324,"neow_bonus":"TEN_PERCENT_HP_BONUS","is_prod":false,"is_daily":false,"chose_seed":false,"campfire_upgraded":1,"win_rate":0,"timestamp":1647823903,"path_taken":["M","M","M","M","?","E","M","E","T","R","M","E"],"build_version":"2022-03-07","purchased_purges":0,"victory":false,"max_hp_per_floor":[82,82,82,82,82,82,82,82,82,82,82,82],"relic_stats":{"counters":[9,36],"Juzu Bracelet":0,"obtain_stats":[{"Juzu Bracelet":6,"Burning Blood":0,"Mercury Hourglass":8},{"Juzu Bracelet":5,"Burning Blood":0,"Mercury Hourglass":7},{"Juzu Bracelet":17,"Burning Blood":0,"Mercury Hourglass":27}],"Burning Blood":38,"Mercury Hourglass":[24]},"card_choices":[{"not_picked":["Infernal Blade","Clothesline"],"picked":"Carnage","floor":1.0},{"not_picked":["Reckless Charge","Ghostly Armor"],"picked":"Spot Weakness","floor":2.0},{"not_picked":["Intimidate","Flex"],"picked":"Sword Boomerang","floor":3.0},{"not_picked":["Infernal Blade","Sword Boomerang"],"picked":"Pummel","floor":4.0},{"not_picked":["Searing Blow","Sever Soul","Wild Strike"],"picked":"SKIP","floor":6.0},{"not_picked":["Bloodletting","Sever Soul"],"picked":"Cleave","floor":7.0},{"not_picked":["Sentinel","Berserk"],"picked":"Immolate","floor":8.0},{"not_picked":["Iron Wave","Seeing Red"],"picked":"Second Wind","floor":11.0}],"player_experience":5097848,"relics_obtained":[{"floor":6.0,"key":"Juzu Bracelet"},{"floor":8.0,"key":"Mercury Hourglass"}],"event_choices":[{"damage_healed":0.0,"max_hp_gain":0.0,"max_hp_loss":0.0,"gold_gain":75.0,"event_name":"World of Goop","player_choice":"Gather Gold","floor":5.0,"gold_loss":0.0,"damage_taken":11.0}],"is_beta":false,"boss_relics":[],"items_purged_floors":[],"is_endless":false,"potions_floor_spawned":[1,2,3,6],"killed_by":"Lagavulin","ascension_level":15}