{"gold_per_floor":[117,117,140,16,16,50,50,85,85,105,105,105,136,150,150,245,245,266,282,298,313,328,328,343,379,449,468,131,144,188,188,188,278,278,296,321,116,136,136,169,194,227,266,297,349,361,0,12,24,36],"floor_reached":51,"playtime":2358,"items_purged":["Strike_R","Strike_R","Strike_R"],"score":1337,"play_id":"db4cac56-906c-4c6a-bed9-648d917f7ae7","local_time":"20220311214036","is_ascension_mode":true,"campfire_choices":[{"data":"Bash","floor":7.0,"key":"SMITH"},{"data":"Iron Wave","floor":12.0,"key":"SMITH"},{"data":"Disarm","floor":15.0,"key":"SMITH"},{"floor":23.0,"key":"REST"},{"floor":32.0,"key":"RECALL"},{"floor":49,"key":"REST"}],"neow_cost":"NONE","seed_source_timestamp":49973123005400,"circlet_count":0,"master_deck":["AscendersBane","Strike_R+1","Strike_R+1","Defend_R","Defend_R","Defend_R","Defend_R","Bash+1","Limit Break","Pommel Strike","Iron Wave+1","Disarm+1","Iron Wave","Ghostly Armor","Impervious","Shrug It Off","Inflame","Sword Boomerang","Cleave+1","Battle Trance+1","Reaper","Spot Weakness","Headbutt","Dark Embrace","Offering","Clothesline+1","Feel No Pain","Metallicize+1","Shrug It Off+1","Discovery"],"special_seed":0,"relics":["Burning Blood","Golden Idol","Mercury Hourglass","Whetstone","Singing Bowl","Self Forming Clay","Mummified Hand","Eternal Feather","Fusion Hammer","Bag of Marbles","Paper Frog","Lantern","HornCleat","Black Star","MawBank","Red Skull","PreservedInsect","Regal Pillow","Boot","Red Mask"],"potions_floor_usage":[40,45,50],"damage_taken":[{"damage":0.0,"enemies":"Small Slimes","floor":1.0,"turns":3.0},{"damage":7.0,"enemies":"Jaw Worm","floor":3.0,"turns":3.0},{"damage":25.0,"enemies":"Lagavulin","floor":6.0,"turns":7.0},{"damage":12.0,"enemies":"3 Sentries","floor":8.0,"turns":7.0},{"damage":0.0,"enemies":"Cultist","floor":10.0,"turns":3.0},{"damage":28.0,"enemies":"Lagavulin","floor":13.0,"turns":8.0},{"damage":10.0,"enemies":"Gremlin Gang","floor":14.0,"turns":4.0},{"damage":6.0,"enemies":"The Guardian","floor":16.0,"turns":14.0},{"damage":14.0,"enemies":"2 Thieves","floor":18.0,"turns":4.0},{"damage":11.0,"enemies":"3 Byrds","floor":19.0,"turns":5.0},{"damage":17.0,"enemies":"Snecko","floor":20.0,"turns":7.0},{"damage":11.0,"enemies":"Shelled Parasite and Fungi","floor":21.0,"turns":8.0},{"damage":21.0,"enemies":"Snake Plant","floor":22.0,"turns":6.0},{"damage":3.0,"enemies":"Cultist and Chosen","floor":24.0,"turns":5.0},{"damage":21.0,"enemies":"Book of Stabbing","floor":25.0,"turns":5.0},{"damage":2.0,"enemies":"3 Cultists","floor":27.0,"turns":5.0},{"damage":5.0,"enemies":"Snake Plant","floor":29.0,"turns":4.0},{"damage":2.0,"enemies":"Slavers","floor":30.0,"turns":5.0},{"damage":70.0,"enemies":"Collector","floor":33.0,"turns":8.0},{"damage":17.0,"enemies":"3 Darklings","floor":35.0,"turns":5.0},{"damage":2.0,"enemies":"Orb Walker","floor":36.0,"turns":3.0},{"damage":6,"enemies":"Maw","floor":38,"turns":6},{"damage":14,"enemies":"Reptomancer","floor":40,"turns":6},{"damage":33,"enemies":"Writhing Mass","floor":41,"turns":7},{"damage":39,"enemies":"Jaw Worm Horde","floor":42,"turns":5},{"damage":6,"enemies":"Sphere and 2 Shapes","floor":44,"turns":1},{"damage":19,"enemies":"Nemesis","floor":45,"turns":5},{"damage":79,"enemies":"Donu and Deca","floor":50,"turns":12}],"seed_played":"-2097201450948170389","potions_obtained":[{"floor":0.0,"key":"Strength Potion"},{"floor":0.0,"key":"HeartOfIron"},{"floor":8.0,"key":"Fire Potion"},{"floor":13.0,"key":"LiquidMemories"},{"floor":16.0,"key":"Regen Potion"},{"floor":19.0,"key":"LiquidMemories"},{"floor":22.0,"key":"DistilledChaos"},{"floor":25.0,"key":"SneckoOil"},{"floor":29.0,"key":"Block Potion"},{"floor":33.0,"key":"BlessingOfTheForge"},{"floor":35.0,"key":"Swift Potion"},{"floor":41,"key":"DistilledChaos"}],"is_trial":false,"path_per_floor":["M","?","M","$","?","E","R","E","T","M","T","R","E","M","R","B",null,"M","M","M","M","M","R","M","E","T","M","$","M","E","?","R","B",null,"M","M","$","M","$","E","M","M","T","M","E","?","?","$","R","B",null],"character_chosen":"IRONCLAD","items_purchased":["Iron Wave","Spot Weakness","Lantern","Feel No Pain"],"campfire_rested":2,"item_purchase_floors":[4,28,28,37],"current_hp_per_floor":[74,68,67,67,56,37,37,33,33,39,39,39,19,15,24,24,60,54,51,40,50,35,69,72,57,57,61,61,73,76,76,76,38,67,73,78,78,80,80,80,69,56,56,79,86,86,86,86,86,38],"gold":48,"neow_bonus":"THREE_SMALL_POTIONS","is_prod":false,"is_daily":false,"chose_seed":false,"campfire_upgraded":3,"win_rate":0,"timestamp":1647063636,"path_taken":["M","?","M","$","?","E","R","E","T","M","?","R","E","M","R","BOSS","M","M","?","?","M","R","M","E","T","M","$","M","E","?","R","BOSS","M","M","$","M","$","E","M","M","T","M","E","?","?","?","R","BOSS"],"build_version":"2022-03-07","purchased_purges":3,"victory":true,"max_hp_per_floor":[75,68,68,68,68,68,68,70,70,70,70,70,72,72,72,72,72,74,76,76,76,76,76,76,76,76,76,76,76,76,76,76,76,76,78,78,78,80,80,80,82,82,82,84,86,86,86,86,86,86],"relic_stats":{"Regal Pillow":0,"Singing Bowl":18,"counters":[28,160],"Golden Idol":169,"Self Forming Clay":[192],"Eternal Feather":21,"PreservedInsect":50,"Whetstone":["Strike_R","Strike_R"],"MawBank":132,"Boot":[4],"Burning Blood":151,"Mercury Hourglass":[602],"Mummified Hand":[36],"Black Star":2,"obtain_stats":[{"Lantern":28,"Regal Pillow":45,"Singing Bowl":8,"Golden Idol":2,"Self Forming Clay":9,"Eternal Feather":13,"PreservedInsect":43,"Whetstone":6,"MawBank":40,"Boot":45,"Burning Blood":0,"Mercury Hourglass":5,"HornCleat":30,"Mummified Hand":11,"Fusion Hammer":17,"Bag of Marbles":25,"Black Star":34,"Red Mask":47,"Red Skull":40,"Paper Frog":26},{"Lantern":16,"Regal Pillow":27,"Singing Bowl":4,"Golden Idol":1,"Self Forming Clay":4,"Eternal Feather":6,"PreservedInsect":25,"Whetstone":3,"MawBank":23,"Boot":27,"Burning Blood":0,"Mercury Hourglass":2,"HornCleat":18,"Mummified Hand":5,"Fusion Hammer":8,"Bag of Marbles":15,"Black Star":19,"Red Mask":27,"Red Skull":23,"Paper Frog":15},{"Lantern":94,"Regal Pillow":148,"Singing Bowl":20,"Golden Idol":3,"Self Forming Clay":20,"Eternal Feather":31,"PreservedInsect":142,"Whetstone":13,"MawBank":130,"Boot":148,"Burning Blood":0,"Mercury Hourglass":6,"HornCleat":103,"Mummified Hand":23,"Fusion Hammer":49,"Bag of Marbles":89,"Black Star":111,"Red Mask":148,"Red Skull":130,"Paper Frog":89}]},"card_choices":[{"not_picked":["Armaments","Searing Blow"],"picked":"Limit Break","floor":1.0},{"not_picked":["Intimidate","Armaments"],"picked":"Pommel Strike","floor":3.0},{"not_picked":["Rampage","Shrug It Off"],"picked":"Disarm","floor":6.0},{"not_picked":["Entrench","Seeing Red","Pommel Strike"],"picked":"Singing Bowl","floor":8.0},{"not_picked":["Heavy Blade","Perfected Strike"],"picked":"Iron Wave","floor":10.0},{"not_picked":["Sword Boomerang","Pommel Strike","Dual Wield"],"picked":"Singing Bowl","floor":13.0},{"not_picked":["Whirlwind","Cleave"],"picked":"Ghostly Armor","floor":14.0},{"not_picked":["Berserk","Juggernaut"],"picked":"Impervious","floor":16.0},{"not_picked":["Evolve","Dropkick","Entrench"],"picked":"Singing Bowl","floor":18.0},{"not_picked":["Infernal Blade","Thunderclap","Iron Wave"],"picked":"Singing Bowl","floor":19.0},{"not_picked":["Body Slam","Havoc"],"picked":"Shrug It Off","floor":20.0},{"not_picked":["Clash","True Grit"],"picked":"Inflame","floor":21.0},{"not_picked":["Searing Blow","Blood for Blood"],"picked":"Sword Boomerang","floor":22.0},{"not_picked":["Ghostly Armor","Power Through"],"picked":"Cleave+1","floor":24.0},{"not_picked":["True Grit","Sword Boomerang+1"],"picked":"Battle Trance+1","floor":25.0},{"not_picked":["Clothesline","Seeing Red"],"picked":"Reaper","floor":27.0},{"not_picked":["Iron Wave","Clash"],"picked":"Headbutt","floor":29.0},{"not_picked":["Combust","Sword Boomerang+1"],"picked":"Dark Embrace","floor":30.0},{"not_picked":["Bludgeon","Double Tap"],"picked":"Offering","floor":33.0},{"not_picked":["Headbutt","Perfected Strike","Flex"],"picked":"Singing Bowl","floor":35.0},{"not_picked":["Shrug It Off","Cleave"],"picked":"Clothesline+1","floor":36.0},{"not_picked":["True Grit","Rampage","Uppercut"],"picked":"Singing Bowl","floor":38},{"not_picked":["Burning Pact","Inflame"],"picked":"Metallicize+1","floor":40},{"not_picked":["Thunderclap","Wild Strike","Flex"],"picked":"Singing Bowl","floor":41},{"not_picked":["Warcry","Dual Wield"],"picked":"Shrug It Off+1","floor":42},{"not_picked":["Headbutt","Seeing Red","Pommel Strike"],"picked":"Singing Bowl","floor":44},{"not_picked":["True Grit","Warcry","Shrug It Off"],"picked":"Singing Bowl","floor":45},{"not_picked":["Good Instincts","Purity"],"picked":"Discovery","floor":46}],"player_experience":5067359,"relics_obtained":[{"floor":6.0,"key":"Whetstone"},{"floor":8.0,"key":"Singing Bowl"},{"floor":9.0,"key":"Self Forming Clay"},{"floor":11.0,"key":"Mummified Hand"},{"floor":13.0,"key":"Eternal Feather"},{"floor":25.0,"key":"Bag of Marbles"},{"floor":26.0,"key":"Paper Frog"},{"floor":30.0,"key":"HornCleat"},{"floor":40,"key":"MawBank"},{"floor":40,"key":"Red Skull"},{"floor":43,"key":"PreservedInsect"},{"floor":45,"key":"Regal Pillow"},{"floor":45,"key":"Boot"}],"event_choices":[{"damage_healed":0.0,"max_hp_gain":0.0,"max_hp_loss":7.0,"gold_gain":0.0,"event_name":"Golden Idol","player_choice":"Lose Max HP","floor":2.0,"gold_loss":0.0,"damage_taken":0.0,"relics_obtained":["Golden Idol"]},{"damage_healed":0.0,"max_hp_gain":0.0,"max_hp_loss":0.0,"gold_gain":0.0,"event_name":"Scrap Ooze","player_choice":"Success","floor":5.0,"gold_loss":0.0,"damage_taken":11.0,"relics_obtained":["Mercury Hourglass"]},{"damage_healed":0.0,"max_hp_gain":0.0,"max_hp_loss":0.0,"gold_gain":0.0,"event_name":"Match and Keep!","player_choice":"0 cards matched","floor":31.0,"gold_loss":0.0,"damage_taken":0.0,"cards_obtained":[]},{"damage_healed":0,"gold_gain":0,"player_choice":"Memory 1","damage_taken":0,"max_hp_gain":0,"max_hp_loss":0,"event_name":"SensoryStone","floor":46,"gold_loss":0},{"damage_healed":0,"gold_gain":0,"player_choice":"Paid","damage_taken":0,"relics_obtained":["Red Mask"],"max_hp_gain":0,"max_hp_loss":0,"event_name":"Tomb of Lord Red Mask","floor":47,"gold_loss":373}],"is_beta":false,"boss_relics":[{"not_picked":["Tiny House","Ectoplasm"],"picked":"Fusion Hammer"},{"not_picked":["SlaversCollar","Runic Cube"],"picked":"Black Star"}],"items_purged_floors":[4,28,37],"is_endless":false,"potions_floor_spawned":[3,8,13,16,19,20,22,25,29,33,35,41,42],"ascension_level":15}