{"gold_per_floor":[115,115,0,75,93,93,126,126,126,145,45,78,88,116,116,190,190,200,200,31,48,66,66,66,96,119,119,147,161,181,208,208,281,281,292,36,87,100,52,79,79,121,121,121,142,176,185,207,216,216],"floor_reached":51,"playtime":1907,"items_purged":["Strike_R","Strike_R"],"score":1426,"play_id":"bd9dfe7e-6fb5-413f-9269-01266d9d651d","local_time":"20220316202244","is_ascension_mode":true,"campfire_choices":[{"data":"Armaments","floor":6.0,"key":"SMITH"},{"data":"Inflame","floor":8.0,"key":"SMITH"},{"data":"Feel No Pain","floor":15.0,"key":"SMITH"},{"data":"Disarm","floor":23.0,"key":"SMITH"},{"data":"Limit Break","floor":32.0,"key":"SMITH"},{"floor":47,"key":"REST"},{"floor":49,"key":"REST"}],"neow_cost":"NONE","seed_source_timestamp":0,"circlet_count":0,"master_deck":["AscendersBane","Strike_R","Strike_R","Defend_R","Defend_R","Defend_R","Defend_R","Armaments+1","Inflame+1","Disarm+1","Thunderclap","Anger","Feel No Pain+1","Spot Weakness","Burning Pact","Exhume","Limit Break+1","Battle Trance","Injury","Flame Barrier","Heavy Blade","Offering","Exhume","Whirlwind","True Grit+1","Pommel Strike","Hemokinesis+1","Pommel Strike+1","Flame Barrier+1","Second Wind","Iron Wave+1","Whirlwind+1"],"special_seed":0,"relics":["Burning Blood","NeowsBlessing","Tiny Chest","Meat on the Bone","Dream Catcher","InkBottle","Cursed Key","MutagenicStrength","Centennial Puzzle","PreservedInsect","Juzu Bracelet","Akabeko","Fusion Hammer","Self Forming Clay","Lizard Tail","CeramicFish","Molten Egg 2","Boot"],"potions_floor_usage":[45,50,50],"damage_taken":[{"damage":0.0,"enemies":"Small Slimes","floor":1.0,"turns":1.0},{"damage":0.0,"enemies":"Cultist","floor":5.0,"turns":1.0},{"damage":0.0,"enemies":"Gremlin Nob","floor":7.0,"turns":1.0},{"damage":8.0,"enemies":"2 Louse","floor":10.0,"turns":4.0},{"damage":31.0,"enemies":"3 Sentries","floor":12.0,"turns":6.0},{"damage":11.0,"enemies":"Exordium Wildlife","floor":13.0,"turns":5.0},{"damage":29.0,"enemies":"Gremlin Nob","floor":14.0,"turns":4.0},{"damage":35.0,"enemies":"Slime Boss","floor":16.0,"turns":9.0},{"damage":10.0,"enemies":"Chosen","floor":18.0,"turns":5.0},{"damage":32.0,"enemies":"2 Thieves","floor":21.0,"turns":4.0},{"damage":32.0,"enemies":"Snake Plant","floor":22.0,"turns":4.0},{"damage":17.0,"enemies":"Book of Stabbing","floor":25.0,"turns":6.0},{"damage":2.0,"enemies":"Gremlin Leader","floor":28.0,"turns":6.0},{"damage":28.0,"enemies":"Centurion and Healer","floor":29.0,"turns":7.0},{"damage":12.0,"enemies":"Shelled Parasite and Fungi","floor":30.0,"turns":7.0},{"damage":12.0,"enemies":"Book of Stabbing","floor":31.0,"turns":5.0},{"damage":26.0,"enemies":"Automaton","floor":33.0,"turns":6.0},{"damage":21.0,"enemies":"3 Darklings","floor":35.0,"turns":6.0},{"damage":18.0,"enemies":"2 Orb Walkers","floor":37.0,"turns":1.0},{"damage":8.0,"enemies":"Orb Walker","floor":38.0,"turns":5.0},{"damage":8.0,"enemies":"Giant Head","floor":40.0,"turns":5.0},{"damage":9.0,"enemies":"Reptomancer","floor":42.0,"turns":4.0},{"damage":10,"enemies":"Jaw Worm Horde","floor":45,"turns":2},{"damage":31,"enemies":"Nemesis","floor":46,"turns":5},{"damage":36,"enemies":"4 Shapes","floor":48,"turns":6},{"damage":48,"enemies":"Donu and Deca","floor":50,"turns":6}],"seed_played":"6315124105317914531","potions_obtained":[{"floor":2.0,"key":"FairyPotion"},{"floor":2.0,"key":"FairyPotion"},{"floor":5.0,"key":"Energy Potion"},{"floor":10.0,"key":"Strength Potion"},{"floor":13.0,"key":"Fruit Juice"},{"floor":21.0,"key":"Ancient Potion"},{"floor":25.0,"key":"EntropicBrew"},{"floor":30.0,"key":"BloodPotion"},{"floor":31.0,"key":"SteroidPotion"},{"floor":33.0,"key":"Block Potion"},{"floor":38.0,"key":"ColorlessPotion"},{"floor":40.0,"key":"PowerPotion"},{"floor":46,"key":"LiquidMemories"}],"is_trial":false,"path_per_floor":["M","?","$","?","M","R","E","R","T","M","$","E","M","E","R","B",null,"M","?","$","M","M","R","?","E","T","T","E","M","M","E","R","B",null,"M","$","?","M","$","E","?","E","T","?","M","E","R","M","R","B",null],"character_chosen":"IRONCLAD","items_purchased":["Inflame","EntropicBrew","Battle Trance","Self Forming Clay","Pommel Strike"],"campfire_rested":2,"item_purchase_floors":[3,20,20,36,39],"current_hp_per_floor":[74,74,74,63,69,69,75,75,75,73,73,48,55,44,44,27,63,59,59,59,50,36,36,36,37,37,37,53,43,49,71,71,51,73,58,58,58,56,56,54,54,51,51,51,47,34,56,38,60,30],"gold":216,"neow_bonus":"THREE_ENEMY_KILL","is_prod":false,"is_daily":false,"chose_seed":false,"campfire_upgraded":5,"win_rate":0,"timestamp":1647487364,"path_taken":["M","?","?","?","?","R","E","R","T","M","$","E","M","E","R","BOSS","BOSS","M","?","$","?","M","R","?","E","T","?","E","M","M","E","R","BOSS","M","$","?","M","$","E","?","E","T","?","M","E","R","M","R","BOSS"],"build_version":"2022-03-07","purchased_purges":2,"victory":true,"max_hp_per_floor":[75,75,75,75,75,75,75,75,75,75,75,75,75,75,75,75,75,75,75,75,80,80,80,80,80,80,80,80,80,80,80,80,80,80,80,80,80,80,80,80,80,80,80,76,76,76,76,76,76,76],"relic_stats":{"counters":[26,121],"Self Forming Clay":[60],"CeramicFish":54,"PreservedInsect":330,"Juzu Bracelet":0,"Cursed Key":1,"Boot":[0],"Burning Blood":156,"Dream Catcher":2,"Centennial Puzzle":[42],"Lizard Tail":0,"Tiny Chest":1,"obtain_stats":[{"NeowsBlessing":0,"Self Forming Clay":36,"CeramicFish":40,"PreservedInsect":26,"Juzu Bracelet":28,"Cursed Key":17,"Boot":46,"Burning Blood":0,"Akabeko":31,"Dream Catcher":12,"Centennial Puzzle":25,"Lizard Tail":37,"MutagenicStrength":24,"Tiny Chest":7,"Molten Egg 2":42,"Fusion Hammer":34,"InkBottle":14,"Meat on the Bone":9},{"NeowsBlessing":0,"Self Forming Clay":18,"CeramicFish":21,"PreservedInsect":12,"Juzu Bracelet":13,"Cursed Key":8,"Boot":24,"Burning Blood":0,"Akabeko":16,"Dream Catcher":5,"Centennial Puzzle":12,"Lizard Tail":19,"MutagenicStrength":11,"Tiny Chest":3,"Molten Egg 2":22,"Fusion Hammer":17,"InkBottle":7,"Meat on the Bone":3},{"NeowsBlessing":0,"Self Forming Clay":87,"CeramicFish":98,"PreservedInsect":50,"Juzu Bracelet":56,"Cursed Key":31,"Boot":109,"Burning Blood":0,"Akabeko":75,"Dream Catcher":13,"Centennial Puzzle":50,"Lizard Tail":88,"MutagenicStrength":44,"Tiny Chest":3,"Molten Egg 2":102,"Fusion Hammer":81,"InkBottle":22,"Meat on the Bone":3}],"InkBottle":[33],"Meat on the Bone":168},"card_choices":[{"not_picked":["Sword Boomerang","Flex"],"picked":"Armaments","floor":1.0},{"not_picked":["Sword Boomerang","Armaments"],"picked":"Disarm","floor":5.0},{"not_picked":["Warcry","Berserk"],"picked":"Thunderclap","floor":7.0},{"not_picked":["Cleave","Sword Boomerang"],"picked":"Anger","floor":10.0},{"not_picked":["Clash","Headbutt"],"picked":"Feel No Pain","floor":12.0},{"not_picked":["Intimidate","Havoc"],"picked":"Spot Weakness","floor":13.0},{"not_picked":["Wild Strike","Evolve"],"picked":"Burning Pact","floor":14.0},{"not_picked":["Brutality","Double Tap"],"picked":"Exhume","floor":16.0},{"not_picked":["Havoc","Clash","Warcry"],"picked":"SKIP","floor":18.0},{"not_picked":["Evolve","Wild Strike","Perfected Strike"],"picked":"SKIP","floor":21.0},{"not_picked":["Flex","Rampage","Bloodletting"],"picked":"SKIP","floor":22.0},{"not_picked":["Combust","Pommel Strike","Perfected Strike"],"picked":"SKIP","floor":25.0},{"not_picked":["True Grit","Pummel"],"picked":"Flame Barrier","floor":28.0},{"not_picked":["Rampage","True Grit"],"picked":"Heavy Blade","floor":29.0},{"not_picked":["Perfected Strike","True Grit"],"picked":"Offering","floor":30.0},{"not_picked":["Body Slam+1","True Grit","Armaments"],"picked":"SKIP","floor":31.0},{"not_picked":["Demon Form","Brutality"],"picked":"Exhume","floor":33.0},{"not_picked":["Flame Barrier","Reckless Charge"],"picked":"Whirlwind","floor":35.0},{"not_picked":["Twin Strike","Headbutt"],"picked":"True Grit+1","floor":38.0},{"not_picked":["Whirlwind","Searing Blow","Armaments"],"picked":"SKIP","floor":40.0},{"not_picked":["Wild Strike+1","Searing Blow+1"],"picked":"Hemokinesis+1","floor":42.0},{"not_picked":["Seeing Red","Anger+1"],"picked":"Pommel Strike+1","floor":45},{"not_picked":["Limit Break","Sever Soul+1"],"picked":"Flame Barrier+1","floor":46},{"not_picked":["Flex","Flame Barrier"],"picked":"Second Wind","floor":47},{"not_picked":["Wild Strike+1","Combust"],"picked":"Iron Wave+1","floor":48},{"not_picked":["Sever Soul+1","Rampage+1"],"picked":"Whirlwind+1","floor":49}],"player_experience":5083100,"relics_obtained":[{"floor":7.0,"key":"Tiny Chest"},{"floor":9.0,"key":"Meat on the Bone"},{"floor":12.0,"key":"Dream Catcher"},{"floor":14.0,"key":"InkBottle"},{"floor":25.0,"key":"Centennial Puzzle"},{"floor":26.0,"key":"PreservedInsect"},{"floor":28.0,"key":"Juzu Bracelet"},{"floor":31.0,"key":"Akabeko"},{"floor":37.0,"key":"Lizard Tail"},{"floor":40.0,"key":"CeramicFish"},{"floor":42.0,"key":"Molten Egg 2"},{"floor":46,"key":"Boot"}],"event_choices":[{"damage_healed":0.0,"max_hp_gain":0.0,"max_hp_loss":0.0,"gold_gain":0.0,"event_name":"Lab","player_choice":"Got Potions","floor":2.0,"gold_loss":0.0,"damage_taken":0.0},{"damage_healed":0.0,"max_hp_gain":0.0,"max_hp_loss":0.0,"gold_gain":75.0,"event_name":"World of Goop","player_choice":"Gather Gold","floor":4.0,"gold_loss":0.0,"damage_taken":11.0},{"damage_healed":0.0,"max_hp_gain":0.0,"max_hp_loss":0.0,"gold_gain":0.0,"cards_transformed":["Strike_R"],"event_name":"Transmorgrifier","player_choice":"Transformed","floor":19.0,"gold_loss":0.0,"damage_taken":0.0,"cards_obtained":["Limit Break"]},{"damage_healed":0.0,"max_hp_gain":0.0,"max_hp_loss":0.0,"gold_gain":0.0,"event_name":"Drug Dealer","player_choice":"Inject Mutagens","floor":24.0,"gold_loss":0.0,"damage_taken":0.0,"relics_obtained":["MutagenicStrength"]},{"damage_healed":0.0,"max_hp_gain":0.0,"max_hp_loss":0.0,"gold_gain":0.0,"event_name":"Mysterious Sphere","player_choice":"Fight","floor":37.0,"gold_loss":0.0,"damage_taken":0.0},{"cards_removed":["Bash"],"damage_healed":0.0,"max_hp_gain":0.0,"max_hp_loss":0.0,"gold_gain":0.0,"event_name":"Falling","player_choice":"Removed Attack","floor":41.0,"gold_loss":0.0,"damage_taken":0.0},{"damage_healed":0,"gold_gain":0,"player_choice":"Max HP","damage_taken":0,"max_hp_gain":0,"max_hp_loss":4,"event_name":"Winding Halls","floor":44,"gold_loss":0}],"is_beta":false,"boss_relics":[{"not_picked":["Black Blood","Runic Cube"],"picked":"Cursed Key"},{"not_picked":["Busted Crown","Mark of Pain"],"picked":"Fusion Hammer"}],"items_purged_floors":[3,11],"is_endless":false,"potions_floor_spawned":[5,10,13,21,25,30,31,33,38,40,46,48],"ascension_level":15}