{"gold_per_floor":[118,128,12,30,47,72,86,86,112,144,69,104,104,129,129,200,200,217,183,183,66,80,107,107,136,184,9,9,22,53,68,68,144,144,164,189,209,228,246,246,574,574,574,605,622,648,220,249,249,249],"floor_reached":51,"playtime":3024,"items_purged":["Strike_R","Thunderclap"],"score":1680,"play_id":"4c33a0c2-b4ca-404a-8b01-13acfaff88b6","local_time":"20220318215132","is_ascension_mode":true,"campfire_choices":[{"data":"Combust","floor":8.0,"key":"SMITH"},{"data":"Disarm","floor":15.0,"key":"SMITH"},{"data":"Seeing Red","floor":24.0,"key":"SMITH"},{"floor":32.0,"key":"REST"},{"data":"1","floor":40.0,"key":"LIFT"},{"floor":42.0,"key":"REST"},{"data":"Rupture","floor":49,"key":"SMITH"}],"neow_cost":"NONE","seed_source_timestamp":47978798722100,"circlet_count":0,"master_deck":["AscendersBane","Bash+1","Rampage","Hemokinesis+1","Offering+1","Iron Wave","Combust+1","Anger","Clothesline+1","True Grit+1","Disarm+1","Exhume","Dark Embrace","Feel No Pain","Pummel","Feel No Pain","Cleave","Intimidate","Twin Strike","Seeing Red+1","Inflame","Disarm","Rupture+1","Burning Pact+1","Shockwave","Flame Barrier+1","Ghostly Armor","Corruption","Battle Trance","Metallicize+1","Spot Weakness","Feel No Pain","True Grit+1","Feel No Pain","Shrug It Off","Shockwave","Shrug It Off+1"],"special_seed":0,"relics":["Black Blood","Eternal Feather","PreservedInsect","Art of War","Anchor","Ice Cream","Pandora\u0027s Box","Girya","Whetstone","Membership Card","War Paint","Unceasing Top","Old Coin","Ornamental Fan","Question Card","Torii","Self Forming Clay","Du-Vu Doll","Bottled Tornado"],"potions_floor_usage":[50,50],"damage_taken":[{"damage":1.0,"enemies":"Cultist","floor":1.0,"turns":3.0},{"damage":11.0,"enemies":"Small Slimes","floor":2.0,"turns":5.0},{"damage":2.0,"enemies":"2 Louse","floor":4.0,"turns":2.0},{"damage":13.0,"enemies":"Exordium Wildlife","floor":5.0,"turns":5.0},{"damage":23.0,"enemies":"3 Sentries","floor":6.0,"turns":8.0},{"damage":13.0,"enemies":"2 Fungi Beasts","floor":7.0,"turns":3.0},{"damage":10.0,"enemies":"Gremlin Nob","floor":10.0,"turns":3.0},{"damage":14.0,"enemies":"3 Sentries","floor":12.0,"turns":5.0},{"damage":9.0,"enemies":"Gremlin Nob","floor":14.0,"turns":2.0},{"damage":30.0,"enemies":"The Guardian","floor":16.0,"turns":11.0},{"damage":16.0,"enemies":"Spheric Guardian","floor":18.0,"turns":3.0},{"damage":7.0,"enemies":"3 Byrds","floor":22.0,"turns":4.0},{"damage":15.0,"enemies":"Book of Stabbing","floor":23.0,"turns":6.0},{"damage":16.0,"enemies":"Slavers","floor":25.0,"turns":5.0},{"damage":20.0,"enemies":"Shelled Parasite and Fungi","floor":29.0,"turns":6.0},{"damage":6.0,"enemies":"Gremlin Leader","floor":30.0,"turns":5.0},{"damage":0.0,"enemies":"Snake Plant","floor":31.0,"turns":7.0},{"damage":38.0,"enemies":"Collector","floor":33.0,"turns":8.0},{"damage":10.0,"enemies":"3 Shapes","floor":35.0,"turns":5.0},{"damage":10.0,"enemies":"Mind Bloom Boss Battle","floor":36.0,"turns":7.0},{"damage":29.0,"enemies":"3 Darklings","floor":37.0,"turns":5.0},{"damage":26.0,"enemies":"Transient","floor":38.0,"turns":5.0},{"damage":27.0,"enemies":"Spire Growth","floor":39.0,"turns":5.0},{"damage":26.0,"enemies":"Reptomancer","floor":41.0,"turns":7.0},{"damage":16.0,"enemies":"Nemesis","floor":44.0,"turns":5.0},{"damage":25.0,"enemies":"4 Shapes","floor":45.0,"turns":6.0},{"damage":8.0,"enemies":"Reptomancer","floor":46.0,"turns":5.0},{"damage":2.0,"enemies":"Nemesis","floor":48.0,"turns":7.0},{"damage":24,"enemies":"Time Eater","floor":50,"turns":11}],"seed_played":"6084307343575251185","potions_obtained":[{"floor":2.0,"key":"ColorlessPotion"},{"floor":7.0,"key":"CultistPotion"},{"floor":10.0,"key":"AttackPotion"},{"floor":14.0,"key":"SpeedPotion"},{"floor":23.0,"key":"SteroidPotion"},{"floor":31.0,"key":"EssenceOfSteel"},{"floor":33.0,"key":"Energy Potion"},{"floor":37.0,"key":"EssenceOfSteel"},{"floor":41.0,"key":"LiquidMemories"},{"floor":45.0,"key":"SneckoOil"},{"floor":46.0,"key":"SmokeBomb"}],"is_trial":false,"path_per_floor":["M","M","$","M","M","E","M","R","T","E","$","E","?","E","R","B",null,"M","$","?","$","M","E","R","E","T","$","?","M","E","M","R","B",null,"M","?","M","M","M","R","E","R","T","E","M","E","$","E","R","B",null],"character_chosen":"IRONCLAD","items_purchased":["Hemokinesis","PowerPotion","Inflame","Rupture","Burning Pact","Membership Card","PowerPotion","Self Forming Clay","Dexterity Potion","Shrug It Off","Shockwave","Du-Vu Doll","Ancient Potion"],"campfire_rested":2,"item_purchase_floors":[3,3,19,21,21,27,27,47,47,47,47,47,47],"current_hp_per_floor":[73,68,68,72,65,48,41,50,50,46,46,38,38,35,44,20,61,51,51,51,51,50,41,56,46,46,46,46,32,32,38,75,43,67,69,71,54,40,25,43,29,69,69,65,52,56,56,66,75,63],"gold":249,"neow_bonus":"UPGRADE_CARD","is_prod":false,"is_daily":false,"chose_seed":false,"campfire_upgraded":4,"win_rate":0,"timestamp":1647665492,"path_taken":["M","?","$","M","M","E","M","R","T","E","$","E","?","E","R","BOSS","M","$","?","?","M","E","R","E","T","$","?","?","E","M","R","BOSS","M","?","M","M","M","R","E","R","T","E","M","E","$","E","R","BOSS"],"build_version":"2022-03-07","purchased_purges":2,"victory":true,"max_hp_per_floor":[75,75,75,75,75,75,75,75,75,75,75,75,75,75,75,75,75,75,75,75,75,75,75,75,75,75,75,75,75,75,75,75,75,75,75,75,75,75,75,75,75,75,75,75,75,75,75,75,75,75],"relic_stats":{"Ice Cream":[133],"Girya":1,"Torii":0,"counters":[29,159],"Self Forming Clay":[36],"Black Blood":240,"Eternal Feather":93,"PreservedInsect":425,"Whetstone":["Hemokinesis","Clothesline"],"War Paint":["Offering","Burning Pact"],"Bottled Tornado":"Corruption","Question Card":3,"Ornamental Fan":[28],"Pandora\u0027s Box":["Dark Embrace","Thunderclap","Feel No Pain","Pummel","Feel No Pain","Cleave","Intimidate","Twin Strike"],"Art of War":[28],"Membership Card":449,"obtain_stats":[{"Ice Cream":14,"Girya":25,"Torii":46,"Self Forming Clay":47,"Black Blood":34,"Eternal Feather":6,"PreservedInsect":9,"Whetstone":26,"War Paint":30,"Bottled Tornado":48,"Question Card":44,"Burning Blood":0,"Old Coin":41,"Du-Vu Doll":47,"Anchor":12,"Ornamental Fan":43,"Pandora\u0027s Box":17,"Art of War":10,"Membership Card":27,"Unceasing Top":36},{"Ice Cream":9,"Girya":14,"Torii":27,"Self Forming Clay":27,"Black Blood":18,"Eternal Feather":5,"PreservedInsect":6,"Whetstone":14,"War Paint":16,"Bottled Tornado":28,"Question Card":25,"Burning Blood":0,"Old Coin":24,"Du-Vu Doll":27,"Anchor":8,"Ornamental Fan":24,"Pandora\u0027s Box":10,"Art of War":7,"Membership Card":14,"Unceasing Top":20},{"Ice Cream":36,"Girya":65,"Torii":141,"Self Forming Clay":141,"Black Blood":91,"Eternal Feather":23,"PreservedInsect":26,"Whetstone":65,"War Paint":76,"Bottled Tornado":148,"Question Card":130,"Burning Blood":0,"Old Coin":125,"Du-Vu Doll":141,"Anchor":34,"Ornamental Fan":125,"Pandora\u0027s Box":47,"Art of War":29,"Membership Card":65,"Unceasing Top":103}],"Unceasing Top":[2]},"card_choices":[{"not_picked":["Body Slam","Bloodletting","Clash"],"picked":"SKIP","floor":1.0},{"not_picked":["Clash","Flex"],"picked":"Rampage","floor":2.0},{"not_picked":["Warcry","Metallicize"],"picked":"Offering","floor":4.0},{"not_picked":["Thunderclap","True Grit"],"picked":"Iron Wave","floor":5.0},{"not_picked":["Rampage","Hemokinesis"],"picked":"Combust","floor":6.0},{"not_picked":["Armaments","Flex"],"picked":"Anger","floor":7.0},{"not_picked":["Juggernaut","Anger"],"picked":"Clothesline","floor":10.0},{"not_picked":["Blood for Blood","Twin Strike"],"picked":"True Grit","floor":12.0},{"not_picked":["Searing Blow","Fire Breathing"],"picked":"Disarm","floor":14.0},{"not_picked":["Juggernaut","Barricade"],"picked":"Exhume","floor":16.0},{"not_picked":["Perfected Strike","Reckless Charge"],"picked":"Seeing Red","floor":18.0},{"not_picked":["Battle Trance","Havoc"],"picked":"Shockwave","floor":22.0},{"not_picked":["Pommel Strike","Blood for Blood","Inflame"],"picked":"SKIP","floor":23.0},{"not_picked":["Spot Weakness","Berserk","Thunderclap"],"picked":"SKIP","floor":25.0},{"not_picked":["Sword Boomerang","Feel No Pain"],"picked":"Flame Barrier+1","floor":29.0},{"not_picked":["Exhume","Power Through"],"picked":"Ghostly Armor","floor":30.0},{"not_picked":["Rupture","Uppercut","Inflame"],"picked":"SKIP","floor":31.0},{"not_picked":["Exhume","Feed"],"picked":"Corruption","floor":33.0},{"not_picked":["Pummel","Anger"],"picked":"Battle Trance","floor":35.0},{"not_picked":["Sever Soul+1","Anger+1","Warcry"],"picked":"SKIP","floor":37.0},{"not_picked":["Iron Wave","Twin Strike","Havoc"],"picked":"SKIP","floor":38.0},{"not_picked":["Perfected Strike","Twin Strike"],"picked":"Metallicize+1","floor":39.0},{"not_picked":["Flex","Uppercut"],"picked":"Spot Weakness","floor":41.0},{"not_picked":["Entrench","Warcry"],"picked":"Feel No Pain","floor":44.0},{"not_picked":["Disarm","Wild Strike","Perfected Strike"],"picked":"True Grit+1","floor":45.0},{"not_picked":["Bludgeon","Entrench+1","Fire Breathing"],"picked":"Feel No Pain","floor":46.0},{"not_picked":["Twin Strike+1","Cleave","Flex"],"picked":"Shrug It Off+1","floor":48.0}],"player_experience":5089945,"relics_obtained":[{"floor":6.0,"key":"Eternal Feather"},{"floor":9.0,"key":"PreservedInsect"},{"floor":10.0,"key":"Art of War"},{"floor":12.0,"key":"Anchor"},{"floor":14.0,"key":"Ice Cream"},{"floor":25.0,"key":"Girya"},{"floor":26.0,"key":"Whetstone"},{"floor":30.0,"key":"War Paint"},{"floor":36.0,"key":"Unceasing Top"},{"floor":41.0,"key":"Old Coin"},{"floor":43.0,"key":"Ornamental Fan"},{"floor":44.0,"key":"Question Card"},{"floor":46.0,"key":"Torii"},{"floor":48.0,"key":"Bottled Tornado"}],"event_choices":[{"damage_healed":0.0,"max_hp_gain":0.0,"max_hp_loss":0.0,"gold_gain":0.0,"event_name":"Living Wall","player_choice":"Grow","floor":13.0,"gold_loss":0.0,"damage_taken":0.0,"cards_upgraded":["True Grit"]},{"damage_healed":0.0,"max_hp_gain":0.0,"max_hp_loss":0.0,"gold_gain":0.0,"event_name":"Match and Keep!","player_choice":"1 cards matched","floor":20.0,"gold_loss":0.0,"damage_taken":0.0,"cards_obtained":["Disarm"]},{"damage_healed":0.0,"max_hp_gain":0.0,"max_hp_loss":0.0,"gold_gain":0.0,"event_name":"N\u0027loth","player_choice":"Ignored","floor":28.0,"gold_loss":0.0,"damage_taken":0.0},{"damage_healed":0.0,"max_hp_gain":0.0,"max_hp_loss":0.0,"gold_gain":0.0,"event_name":"MindBloom","player_choice":"Fight","floor":36.0,"gold_loss":0.0,"damage_taken":0.0}],"is_beta":false,"boss_relics":[{"not_picked":["Tiny House","Fusion Hammer"],"picked":"Pandora\u0027s Box"},{"not_picked":["Busted Crown","Velvet Choker"],"picked":"Black Blood"}],"items_purged_floors":[11,47],"is_endless":false,"potions_floor_spawned":[2,7,10,14,22,23,31,33,35,37,41,45,46,48],"ascension_level":15}