{"gold_per_floor":[113,127,52,52,69,69,100,119,119,119,145,155,168,56,56,56],"floor_reached":16,"playtime":369,"items_purged":["Strike_R"],"score":196,"play_id":"8c796bb9-e253-4682-8d28-4468bb10d897","local_time":"20220321091833","is_ascension_mode":true,"campfire_choices":[{"data":"Bash","floor":6.0,"key":"SMITH"},{"data":"Cleave","floor":10.0,"key":"SMITH"},{"data":"Metallicize","floor":15.0,"key":"SMITH"}],"neow_cost":"NONE","seed_source_timestamp":1990469631700,"circlet_count":0,"master_deck":["AscendersBane","Strike_R","Strike_R","Strike_R","Defend_R","Defend_R","Defend_R","Defend_R","Bash+1","Cleave+1","Anger","Offering","Shrug It Off","Rage","Dark Embrace","True Grit","Metallicize+1"],"special_seed":0,"relics":["Burning Blood","Magic Flower","Self Forming Clay","Du-Vu Doll","Blue Candle"],"potions_floor_usage":[],"damage_taken":[{"damage":8.0,"enemies":"Jaw Worm","floor":1.0,"turns":5.0},{"damage":0.0,"enemies":"Small Slimes","floor":2.0,"turns":3.0},{"damage":4.0,"enemies":"2 Louse","floor":5.0,"turns":3.0},{"damage":18.0,"enemies":"Gremlin Nob","floor":7.0,"turns":4.0},{"damage":11.0,"enemies":"Blue Slaver","floor":8.0,"turns":3.0},{"damage":10.0,"enemies":"3 Sentries","floor":11.0,"turns":6.0},{"damage":11.0,"enemies":"Looter","floor":12.0,"turns":2.0},{"damage":15.0,"enemies":"3 Louse","floor":13.0,"turns":3.0},{"damage":29,"enemies":"The Guardian","floor":16,"turns":4}],"seed_played":"-5701247147169619931","potions_obtained":[{"floor":7.0,"key":"Energy Potion"},{"floor":8.0,"key":"LiquidBronze"},{"floor":12.0,"key":"Dexterity Potion"}],"is_trial":false,"path_per_floor":["M","M","?","?","M","R","E","M","T","R","E","M","M","$","R","B"],"character_chosen":"IRONCLAD","items_purchased":["Metallicize"],"campfire_rested":0,"item_purchase_floors":[14],"current_hp_per_floor":[73,79,79,44,49,49,40,38,38,38,37,35,29,29,29,0],"gold":56,"neow_bonus":"TEN_PERCENT_HP_BONUS","is_prod":false,"is_daily":false,"chose_seed":false,"campfire_upgraded":3,"win_rate":0,"timestamp":1647879513,"path_taken":["M","M","?","?","M","R","E","M","T","R","E","M","M","?","R","BOSS"],"build_version":"2022-03-07","purchased_purges":1,"victory":false,"max_hp_per_floor":[82,82,82,82,82,82,82,82,82,82,82,82,82,82,82,82],"relic_stats":{"counters":[9,33],"Self Forming Clay":[27],"Blue Candle":[0],"Magic Flower":[18],"obtain_stats":[{"Du-Vu Doll":9,"Self Forming Clay":7,"Blue Candle":11,"Magic Flower":4,"Burning Blood":0},{"Du-Vu Doll":5,"Self Forming Clay":4,"Blue Candle":6,"Magic Flower":2,"Burning Blood":0},{"Du-Vu Doll":18,"Self Forming Clay":15,"Blue Candle":24,"Magic Flower":8,"Burning Blood":0}],"Burning Blood":66},"card_choices":[{"not_picked":["Body Slam","Havoc","Searing Blow"],"picked":"SKIP","floor":1.0},{"not_picked":["Infernal Blade","Evolve"],"picked":"Cleave","floor":2.0},{"not_picked":["Ghostly Armor","Headbutt"],"picked":"Anger","floor":5.0},{"not_picked":["Sever Soul","Cleave"],"picked":"Offering","floor":7.0},{"not_picked":["Whirlwind","Bloodletting"],"picked":"Shrug It Off","floor":8.0},{"not_picked":["Warcry","Dropkick"],"picked":"Rage","floor":11.0},{"not_picked":["Twin Strike","Anger"],"picked":"Dark Embrace","floor":12.0},{"not_picked":["Whirlwind","Headbutt"],"picked":"True Grit","floor":13.0}],"player_experience":5098216,"relics_obtained":[{"floor":7.0,"key":"Self Forming Clay"},{"floor":9.0,"key":"Du-Vu Doll"},{"floor":11.0,"key":"Blue Candle"}],"event_choices":[{"cards_removed":["Strike_R"],"damage_healed":0.0,"max_hp_gain":0.0,"max_hp_loss":0.0,"gold_gain":0.0,"event_name":"The Cleric","player_choice":"Card Removal","floor":3.0,"gold_loss":75.0,"damage_taken":0.0},{"damage_healed":0.0,"max_hp_gain":0.0,"max_hp_loss":0.0,"gold_gain":0.0,"event_name":"Scrap Ooze","player_choice":"Success","floor":4.0,"gold_loss":0.0,"damage_taken":35.0,"relics_obtained":["Magic Flower"]}],"is_beta":false,"boss_relics":[],"items_purged_floors":[14],"is_endless":false,"potions_floor_spawned":[7,8,12,13],"killed_by":"The Guardian","ascension_level":15}