{"gold_per_floor":[116,136,150,150,207,238,238,39,39,39,64,80,108,127,127,199,199,211,229,25,25,42,70,70,103,103,103,103,137,137,166,166,251,251,265,289,314,314,59,99,99,136,145,16,16,31,74,108,108,108],"floor_reached":51,"playtime":1747,"items_purged":["Strike_R","Strike_R","Strike_R","Decay"],"score":1688,"play_id":"c909c716-a7aa-433a-a1b3-246c76fe38db","local_time":"20220408171544","is_ascension_mode":true,"campfire_choices":[{"data":"Cleave","floor":7.0,"key":"SMITH"},{"data":"Ghostly Armor","floor":10.0,"key":"SMITH"},{"data":"Fire Breathing","floor":15.0,"key":"SMITH"},{"data":"Rage","floor":24.0,"key":"SMITH"},{"data":"Armaments","floor":27,"key":"SMITH"},{"floor":32,"key":"REST"},{"floor":41,"key":"REST"},{"data":"Demon Form","floor":45,"key":"SMITH"},{"data":"Dark Embrace","floor":49,"key":"SMITH"}],"neow_cost":"NONE","seed_source_timestamp":32563611135500,"circlet_count":0,"master_deck":["AscendersBane","Strike_R","Strike_R","Defend_R+1","Defend_R+1","Defend_R","Defend_R","Bash+1","Cleave+1","Sword Boomerang","Rage+1","Ghostly Armor+1","Fire Breathing+1","Iron Wave+1","Anger+1","Offering","Immolate+1","Spot Weakness","Uppercut+1","Body Slam+1","Armaments+1","Battle Trance","Dark Embrace+1","Demon Form+1","Burning Pact+1","Limit Break","Heavy Blade+1","Dark Shackles","Shockwave+1","Heavy Blade+1","Offering","Pommel Strike+1"],"special_seed":0,"relics":["Burning Blood","Smiling Mask","White Beast Statue","Molten Egg 2","Gambling Chip","Red Skull","SlaversCollar","Membership Card","Enchiridion","Torii","Blue Candle","Regal Pillow","CeramicFish","Cursed Key","Shuriken","Anchor","TheAbacus","Letter Opener","Bottled Tornado","Oddly Smooth Stone","OrangePellets","War Paint","Dead Branch"],"potions_floor_usage":[25,33,35,37,50,50],"damage_taken":[{"damage":4.0,"enemies":"2 Louse","floor":1.0,"turns":4.0},{"damage":6.0,"enemies":"Jaw Worm","floor":2.0,"turns":6.0},{"damage":2.0,"enemies":"Small Slimes","floor":3.0,"turns":4.0},{"damage":38.0,"enemies":"3 Sentries","floor":6.0,"turns":9.0},{"damage":27.0,"enemies":"Lagavulin","floor":11.0,"turns":6.0},{"damage":6.0,"enemies":"Looter","floor":12.0,"turns":2.0},{"damage":22.0,"enemies":"Gremlin Nob","floor":13.0,"turns":4.0},{"damage":0.0,"enemies":"Large Slime","floor":14.0,"turns":2.0},{"damage":6.0,"enemies":"Slime Boss","floor":16.0,"turns":5.0},{"damage":0.0,"enemies":"2 Thieves","floor":18.0,"turns":1.0},{"damage":6.0,"enemies":"3 Byrds","floor":19.0,"turns":4.0},{"damage":13.0,"enemies":"Snake Plant","floor":22.0,"turns":3.0},{"damage":25.0,"enemies":"Book of Stabbing","floor":23.0,"turns":4.0},{"damage":6,"enemies":"Gremlin Leader","floor":25,"turns":4},{"damage":6,"enemies":"Slavers","floor":29,"turns":3},{"damage":6,"enemies":"3 Cultists","floor":31,"turns":2},{"damage":12,"enemies":"Collector","floor":33,"turns":5},{"damage":24,"enemies":"3 Darklings","floor":35,"turns":4},{"damage":8,"enemies":"3 Shapes","floor":36,"turns":3},{"damage":17,"enemies":"Jaw Worm Horde","floor":37,"turns":3},{"damage":7,"enemies":"Giant Head","floor":40,"turns":5},{"damage":15,"enemies":"Reptomancer","floor":42,"turns":3},{"damage":6,"enemies":"Sphere and 2 Shapes","floor":46,"turns":5},{"damage":10,"enemies":"Giant Head","floor":47,"turns":5},{"damage":6,"enemies":"Mind Bloom Boss Battle","floor":48,"turns":5},{"damage":12,"enemies":"Donu and Deca","floor":50,"turns":5}],"seed_played":"4125668955655648308","potions_obtained":[{"floor":3.0,"key":"SpeedPotion"},{"floor":11.0,"key":"Energy Potion"},{"floor":12.0,"key":"BloodPotion"},{"floor":13.0,"key":"AttackPotion"},{"floor":16.0,"key":"LiquidMemories"},{"floor":18.0,"key":"LiquidMemories"},{"floor":19.0,"key":"BlessingOfTheForge"},{"floor":22.0,"key":"LiquidBronze"},{"floor":23.0,"key":"BloodPotion"},{"floor":25,"key":"Weak Potion"},{"floor":31,"key":"PowerPotion"},{"floor":33,"key":"Fire Potion"},{"floor":35,"key":"Block Potion"},{"floor":37,"key":"DistilledChaos"},{"floor":40,"key":"BlessingOfTheForge"}],"is_trial":false,"path_per_floor":["M","M","M","?","?","E","R","$","T","R","E","M","E","M","R","B",null,"M","M","$","?","M","E","R","E","T","R","?","E","?","M","R","B",null,"M","M","M","?","$","E","R","E","T","$","R","M","E","?","R","B",null],"character_chosen":"IRONCLAD","items_purchased":["Fire Breathing","Regen Potion","Membership Card","Anchor","Heavy Blade+1","TheAbacus","Dark Shackles","OrangePellets"],"campfire_rested":2,"item_purchase_floors":[8,8,20,39,39,39,39,44],"current_hp_per_floor":[70,70,74,74,74,42,42,42,42,42,36,36,35,41,41,41,67,73,73,73,52,45,26,26,41,41,41,41,41,41,41,75,69,74,56,54,43,43,43,42,75,66,66,66,66,66,62,62,62,56],"gold":108,"neow_bonus":"RANDOM_COMMON_RELIC","is_prod":false,"is_daily":false,"chose_seed":false,"campfire_upgraded":7,"win_rate":0,"timestamp":1649463344,"path_taken":["M","M","M","?","?","E","R","?","T","R","E","M","E","M","R","BOSS","M","M","$","?","M","E","R","E","T","R","?","E","?","M","R","BOSS","M","M","M","?","$","E","R","E","T","?","R","M","E","?","R","BOSS"],"build_version":"2022-03-07","purchased_purges":4,"victory":true,"max_hp_per_floor":[75,75,75,75,75,75,75,75,75,75,75,75,75,75,75,75,75,75,75,75,75,75,75,75,75,75,75,75,75,75,75,75,75,75,75,75,75,75,75,75,75,75,75,75,75,75,75,75,75,75],"relic_stats":{"Regal Pillow":23,"Torii":9,"counters":[26,106],"Blue Candle":[1],"CeramicFish":99,"Dead Branch":[9],"Letter Opener":[85],"Bottled Tornado":"Demon Form","War Paint":["Defend_R","Defend_R"],"Smiling Mask":63,"Cursed Key":1,"Burning Blood":156,"White Beast Statue":[0.0024998400000000014,0.0,0.10427520000000007,0.0,0.43920256000000024,0.0,0.38386560000000025,0.0,0.06894720000000004,0.0,0.0012096000000000008,10.003932160000002],"OrangePellets":[1],"TheAbacus":[30],"Shuriken":[7],"Gambling Chip":[49],"Membership Card":487,"obtain_stats":[{"Regal Pillow":26,"Torii":23,"Blue Candle":25,"CeramicFish":29,"Dead Branch":48,"Enchiridion":21,"Oddly Smooth Stone":43,"Letter Opener":40,"Bottled Tornado":42,"War Paint":47,"Smiling Mask":0,"Cursed Key":34,"Burning Blood":0,"White Beast Statue":6,"SlaversCollar":17,"OrangePellets":44,"Anchor":39,"TheAbacus":39,"Shuriken":38,"Gambling Chip":11,"Molten Egg 2":9,"Membership Card":20,"Red Skull":13},{"Regal Pillow":14,"Torii":13,"Blue Candle":14,"CeramicFish":15,"Dead Branch":25,"Enchiridion":11,"Oddly Smooth Stone":22,"Letter Opener":21,"Bottled Tornado":22,"War Paint":24,"Smiling Mask":0,"Cursed Key":17,"Burning Blood":0,"White Beast Statue":4,"SlaversCollar":9,"OrangePellets":22,"Anchor":20,"TheAbacus":20,"Shuriken":20,"Gambling Chip":5,"Molten Egg 2":4,"Membership Card":11,"Red Skull":7},{"Regal Pillow":58,"Torii":54,"Blue Candle":58,"CeramicFish":61,"Dead Branch":101,"Enchiridion":47,"Oddly Smooth Stone":86,"Letter Opener":83,"Bottled Tornado":86,"War Paint":96,"Smiling Mask":0,"Cursed Key":68,"Burning Blood":0,"White Beast Statue":23,"SlaversCollar":42,"OrangePellets":86,"Anchor":78,"TheAbacus":78,"Shuriken":78,"Gambling Chip":29,"Molten Egg 2":23,"Membership Card":47,"Red Skull":35}]},"card_choices":[{"not_picked":["Dropkick","Flex"],"picked":"Cleave","floor":1.0},{"not_picked":["Heavy Blade","Perfected Strike"],"picked":"Sword Boomerang","floor":2.0},{"not_picked":["Headbutt","Cleave"],"picked":"Rage","floor":3.0},{"not_picked":["Barricade","Flex"],"picked":"Ghostly Armor","floor":6.0},{"not_picked":["Bludgeon+1","Exhume"],"picked":"Iron Wave+1","floor":11.0},{"not_picked":["Wild Strike+1","Armaments"],"picked":"Anger+1","floor":12.0},{"not_picked":["Infernal Blade","Warcry","Searing Blow+1"],"picked":"SKIP","floor":13.0},{"not_picked":["Power Through","Clothesline+1"],"picked":"Offering","floor":14.0},{"not_picked":["Exhume","Barricade"],"picked":"Immolate+1","floor":16.0},{"not_picked":["Metallicize+1","Feel No Pain"],"picked":"Spot Weakness","floor":18.0},{"not_picked":["Iron Wave+1","Combust"],"picked":"Clash+1","floor":19.0},{"not_picked":["Thunderclap+1","Shrug It Off"],"picked":"Uppercut+1","floor":22.0},{"not_picked":["Flex","Iron Wave+1"],"picked":"Body Slam+1","floor":23.0},{"not_picked":["Sword Boomerang+1","Clash+1"],"picked":"Armaments","floor":25},{"not_picked":["Clash+1","Armaments","Hemokinesis+1"],"picked":"SKIP","floor":29},{"not_picked":["Twin Strike+1","Sword Boomerang+1"],"picked":"Dark Embrace","floor":31},{"not_picked":["Offering","Juggernaut"],"picked":"Demon Form","floor":33},{"not_picked":["Warcry","Iron Wave+1","Bloodletting"],"picked":"SKIP","floor":35},{"not_picked":["Rage","Sword Boomerang+1"],"picked":"Burning Pact+1","floor":36},{"not_picked":["Headbutt+1","Dark Embrace"],"picked":"Limit Break","floor":37},{"not_picked":["Anger+1","Iron Wave+1"],"picked":"Shockwave+1","floor":40},{"not_picked":["Warcry","Reckless Charge+1"],"picked":"Heavy Blade+1","floor":42},{"not_picked":["Carnage+1","True Grit","Wild Strike+1"],"picked":"SKIP","floor":46},{"not_picked":["Thunderclap+1","True Grit"],"picked":"Offering","floor":47},{"not_picked":["Clothesline+1","Infernal Blade"],"picked":"Pommel Strike+1","floor":48}],"player_experience":5116728,"relics_obtained":[{"floor":6.0,"key":"White Beast Statue"},{"floor":9.0,"key":"Molten Egg 2"},{"floor":11.0,"key":"Gambling Chip"},{"floor":13.0,"key":"Red Skull"},{"floor":21.0,"key":"Enchiridion"},{"floor":23.0,"key":"Torii"},{"floor":25,"key":"Blue Candle"},{"floor":26,"key":"Regal Pillow"},{"floor":29,"key":"CeramicFish"},{"floor":40,"key":"Letter Opener"},{"floor":42,"key":"Bottled Tornado"},{"floor":43,"key":"Oddly Smooth Stone"},{"floor":47,"key":"War Paint"},{"floor":48,"key":"Dead Branch"}],"event_choices":[{"damage_healed":0.0,"max_hp_gain":0.0,"max_hp_loss":0.0,"gold_gain":0.0,"event_name":"Living Wall","player_choice":"Grow","floor":4.0,"gold_loss":0.0,"damage_taken":0.0,"cards_upgraded":["Bash"]},{"damage_healed":0.0,"max_hp_gain":0.0,"max_hp_loss":0.0,"gold_gain":57.0,"event_name":"Golden Wing","player_choice":"Gained Gold","floor":5.0,"gold_loss":0.0,"damage_taken":0.0},{"damage_healed":0.0,"max_hp_gain":0.0,"max_hp_loss":0.0,"gold_gain":0.0,"event_name":"Cursed Tome","player_choice":"Obtained Book","floor":21.0,"gold_loss":0.0,"damage_taken":21.0},{"damage_healed":0,"gold_gain":0,"player_choice":"Read","damage_taken":0,"max_hp_gain":0,"max_hp_loss":0,"event_name":"The Library","floor":28,"gold_loss":0,"cards_obtained":["Battle Trance"]},{"damage_healed":0,"gold_gain":0,"player_choice":"Ignored","damage_taken":0,"max_hp_gain":0,"max_hp_loss":0,"event_name":"Ghosts","floor":30,"gold_loss":0},{"cards_removed":["Clash"],"damage_healed":0,"gold_gain":0,"player_choice":"Gave Card","damage_taken":0,"relics_obtained":["Shuriken"],"max_hp_gain":0,"max_hp_loss":0,"event_name":"WeMeetAgain","floor":38,"gold_loss":0},{"damage_healed":0,"gold_gain":0,"player_choice":"Fight","damage_taken":0,"max_hp_gain":0,"max_hp_loss":0,"event_name":"MindBloom","floor":48,"gold_loss":0}],"is_beta":false,"boss_relics":[{"not_picked":["Empty Cage","Runic Cube"],"picked":"SlaversCollar"},{"not_picked":["Sozu","Black Star"],"picked":"Cursed Key"}],"items_purged_floors":[8,20,39,44],"is_endless":false,"potions_floor_spawned":[3,11,12,13,14,16,18,19,22,23,25,29,31,33,35,36,37,40,42,46,47,48],"ascension_level":15}