{"gold_per_floor":[118,138,155,101,111,111,137,8,33,33,47,47,47,77,89,180,192,215,243,255],"floor_reached":20,"playtime":656,"items_purged":["Strike_R"],"score":322,"play_id":"84d7f9f1-f2f5-4159-adf0-a92c14ccf73a","local_time":"20220408164317","is_ascension_mode":true,"campfire_choices":[{"data":"Bash","floor":6,"key":"SMITH"},{"data":"Whirlwind","floor":13,"key":"SMITH"},{"data":"Spot Weakness","floor":15,"key":"SMITH"}],"neow_cost":"NONE","seed_source_timestamp":31889608959300,"circlet_count":0,"master_deck":["AscendersBane","Strike_R","Strike_R","Strike_R","Strike_R","Defend_R","Defend_R","Defend_R","Defend_R","Bash+1","Wild Strike","Battle Trance","Spot Weakness+1","Flame Barrier","True Grit","Cleave","Whirlwind+1","Pommel Strike","Impervious","Disarm","Metallicize"],"relics":["Burning Blood","MealTicket","Boot","Pen Nib","Juzu Bracelet","FaceOfCleric","MawBank","Black Star"],"potions_floor_usage":[7,16,20],"damage_taken":[{"damage":0,"enemies":"Small Slimes","floor":1,"turns":3},{"damage":1,"enemies":"Cultist","floor":2,"turns":3},{"damage":3,"enemies":"2 Louse","floor":3,"turns":3},{"damage":16,"enemies":"Lots of Slimes","floor":5,"turns":5},{"damage":26,"enemies":"Gremlin Nob","floor":7,"turns":4},{"damage":4,"enemies":"Red Slaver","floor":11,"turns":3},{"damage":29,"enemies":"3 Sentries","floor":14,"turns":6},{"damage":26,"enemies":"Hexaghost","floor":16,"turns":7},{"damage":21,"enemies":"2 Thieves","floor":18,"turns":4},{"damage":24,"enemies":"Shell Parasite","floor":19,"turns":8},{"damage":37,"enemies":"Shelled Parasite and Fungi","floor":20,"turns":13}],"seed_played":"-3485924497998633128","potions_obtained":[{"floor":3,"key":"Fire Potion"},{"floor":5,"key":"SteroidPotion"},{"floor":11,"key":"CultistPotion"},{"floor":16,"key":"ElixirPotion"}],"is_trial":false,"path_per_floor":["M","M","M","?","M","R","E","$","T","?","M","$","R","E","R","B",null,"M","M","M"],"character_chosen":"IRONCLAD","items_purchased":["Cleave"],"campfire_rested":0,"item_purchase_floors":[8],"current_hp_per_floor":[74,75,75,75,65,65,45,60,60,60,63,76,76,54,54,35,67,53,36,0],"gold":255,"neow_bonus":"RANDOM_COMMON_RELIC","is_prod":false,"is_daily":false,"chose_seed":false,"campfire_upgraded":3,"win_rate":0,"timestamp":1649461397,"path_taken":["M","M","M","?","M","R","E","?","T","?","M","$","R","E","R","BOSS","M","M","M"],"build_version":"2022-03-07","purchased_purges":1,"victory":false,"max_hp_per_floor":[75,75,75,75,75,75,75,75,75,75,76,76,76,77,77,78,78,79,80,80],"relic_stats":{"FaceOfCleric":5,"counters":[11,59],"MealTicket":28,"Pen Nib":[3],"Juzu Bracelet":0,"Black Star":0,"Boot":[1],"MawBank":72,"obtain_stats":[{"FaceOfCleric":10,"MealTicket":0,"Pen Nib":7,"Juzu Bracelet":9,"Black Star":17,"Boot":4,"MawBank":14,"Burning Blood":0},{"FaceOfCleric":5,"MealTicket":0,"Pen Nib":5,"Juzu Bracelet":5,"Black Star":8,"Boot":3,"MawBank":7,"Burning Blood":0},{"FaceOfCleric":18,"MealTicket":0,"Pen Nib":18,"Juzu Bracelet":18,"Black Star":34,"Boot":9,"MawBank":27,"Burning Blood":0}],"Burning Blood":53},"card_choices":[{"not_picked":["Seeing Red","Armaments"],"picked":"Wild Strike","floor":1},{"not_picked":["Havoc","Infernal Blade"],"picked":"Battle Trance","floor":2},{"not_picked":["Clash","Twin Strike"],"picked":"Spot Weakness","floor":3},{"not_picked":["True Grit","Metallicize"],"picked":"Flame Barrier","floor":5},{"not_picked":["Barricade","Dropkick"],"picked":"True Grit","floor":7},{"not_picked":["Bloodletting","Heavy Blade"],"picked":"Whirlwind","floor":11},{"not_picked":["Reckless Charge","Thunderclap"],"picked":"Pommel Strike","floor":14},{"not_picked":["Juggernaut","Demon Form"],"picked":"Impervious","floor":16},{"not_picked":["Warcry","Dual Wield"],"picked":"Disarm","floor":18},{"not_picked":["Iron Wave","Perfected Strike+1"],"picked":"Metallicize","floor":19}],"player_experience":5116072,"relics_obtained":[{"floor":7,"key":"Pen Nib"},{"floor":9,"key":"Juzu Bracelet"},{"floor":14,"key":"MawBank"}],"event_choices":[{"damage_healed":0,"gold_gain":0,"player_choice":"Paid Gold","damage_taken":0,"relics_obtained":["Boot"],"max_hp_gain":0,"max_hp_loss":0,"event_name":"WeMeetAgain","floor":4,"gold_loss":54},{"damage_healed":0,"gold_gain":0,"player_choice":"Trade","damage_taken":0,"relics_obtained":["FaceOfCleric"],"max_hp_gain":0,"max_hp_loss":0,"event_name":"FaceTrader","floor":10,"gold_loss":0}],"is_beta":false,"boss_relics":[{"not_picked":["Busted Crown","Runic Pyramid"],"picked":"Black Star"}],"items_purged_floors":[8],"is_endless":false,"potions_floor_spawned":[3,5,11,14,16],"killed_by":"Shelled Parasite and Fungi","ascension_level":15}