{"gold_per_floor":[114,114,124,142,142,183,197,231,255,296,296,296,296,314,314,405,405,418,418,196,196,217,217,256,270,270,270,270,311,311,12,12,105,105,129,129,19,19,34,34,72,92,116,159,159,180,18,57,57,57],"floor_reached":51,"playtime":1782,"items_purged":["Strike_R","Strike_R"],"score":1475,"play_id":"208ddd57-af8e-4220-b8f8-1a4282fe6809","local_time":"20220409225502","is_ascension_mode":true,"campfire_choices":[{"data":"Disarm","floor":11.0,"key":"SMITH"},{"data":"Shrug It Off","floor":15.0,"key":"SMITH"},{"data":"Carnage","floor":23.0,"key":"SMITH"},{"data":"Shockwave","floor":27.0,"key":"SMITH"},{"data":"Bash","floor":32.0,"key":"SMITH"},{"data":"Dark Embrace","floor":40.0,"key":"SMITH"},{"data":"Burning Pact","floor":45,"key":"SMITH"},{"data":"Inflame","floor":49,"key":"SMITH"}],"neow_cost":"NONE","seed_source_timestamp":139276564361700,"circlet_count":0,"master_deck":["AscendersBane","Strike_R+1","Strike_R+1","Defend_R+1","Defend_R","Defend_R","Defend_R","Bash+1","Carnage+1","Thunderclap","Disarm+1","Shrug It Off","Fiend Fire","Uppercut+1","Shrug It Off+1","Limit Break","Necronomicurse","Anger","Shockwave+1","Corruption","Heavy Blade","Dark Embrace+1","Burning Pact+1","Inflame+1","Exhume+1","Disarm+1","Spot Weakness+1"],"special_seed":0,"relics":["Burning Blood","Golden Idol","Centennial Puzzle","Nunchaku","Bag of Preparation","Toy Ornithopter","Coffee Dripper","Necronomicon","Bag of Marbles","Dream Catcher","FossilizedHelix","Pantograph","Membership Card","Happy Flower","SacredBark","Turnip","Pen Nib","Toxic Egg 2","PreservedInsect"],"potions_floor_usage":[50],"damage_taken":[{"damage":9.0,"enemies":"Small Slimes","floor":1.0,"turns":5.0},{"damage":4.0,"enemies":"Jaw Worm","floor":3.0,"turns":2.0},{"damage":0.0,"enemies":"2 Louse","floor":4.0,"turns":3.0},{"damage":24.0,"enemies":"Lagavulin","floor":6.0,"turns":9.0},{"damage":0.0,"enemies":"Large Slime","floor":7.0,"turns":7.0},{"damage":8.0,"enemies":"Gremlin Nob","floor":8.0,"turns":3.0},{"damage":26.0,"enemies":"Lagavulin","floor":10.0,"turns":5.0},{"damage":9.0,"enemies":"Exordium Wildlife","floor":14.0,"turns":4.0},{"damage":25.0,"enemies":"The Guardian","floor":16.0,"turns":12.0},{"damage":0.0,"enemies":"Chosen","floor":18.0,"turns":3.0},{"damage":0.0,"enemies":"Spheric Guardian","floor":22.0,"turns":2.0},{"damage":24.0,"enemies":"Gremlin Leader","floor":24.0,"turns":5.0},{"damage":0.0,"enemies":"Snecko","floor":25.0,"turns":3.0},{"damage":6.0,"enemies":"Book of Stabbing","floor":29.0,"turns":4.0},{"damage":38.0,"enemies":"Collector","floor":33.0,"turns":9.0},{"damage":7.0,"enemies":"3 Darklings","floor":35.0,"turns":7.0},{"damage":0.0,"enemies":"Orb Walker","floor":39.0,"turns":2.0},{"damage":72.0,"enemies":"Nemesis","floor":41.0,"turns":7.0},{"damage":7,"enemies":"Writhing Mass","floor":42,"turns":5},{"damage":0,"enemies":"Giant Head","floor":44,"turns":7},{"damage":0,"enemies":"Transient","floor":46,"turns":5},{"damage":0,"enemies":"Nemesis","floor":48,"turns":7},{"damage":67,"enemies":"Awakened One","floor":50,"turns":8}],"seed_played":"2465003423984400721","potions_obtained":[{"floor":3.0,"key":"SkillPotion"},{"floor":4.0,"key":"BloodPotion"},{"floor":16.0,"key":"SpeedPotion"},{"floor":22.0,"key":"BlessingOfTheForge"},{"floor":24.0,"key":"LiquidBronze"},{"floor":46,"key":"Regen Potion"}],"is_trial":false,"path_per_floor":["M","?","M","M","?","E","M","E","T","E","R","?","?","M","R","B",null,"M","?","$","?","M","R","E","M","T","R","?","E","?","$","R","B",null,"M","?","?","$","M","R","E","M","T","E","R","M","$","E","R","B",null],"character_chosen":"IRONCLAD","items_purchased":["Bag of Marbles","Membership Card","Happy Flower","BloodPotion","Exhume+1","FairyPotion","Disarm+1"],"campfire_rested":0,"item_purchase_floors":[20,31,31,31,47,47,47],"current_hp_per_floor":[72,47,49,55,55,37,43,41,41,21,21,21,21,18,18,18,60,66,45,45,45,51,51,38,44,44,44,44,49,49,49,49,42,66,65,65,65,65,70,70,41,40,40,46,46,52,52,58,58,46],"gold":57,"neow_bonus":"TEN_PERCENT_HP_BONUS","is_prod":false,"is_daily":false,"chose_seed":false,"campfire_upgraded":8,"win_rate":0,"timestamp":1649570102,"path_taken":["M","?","M","M","?","E","M","E","T","E","R","?","?","M","R","BOSS","M","?","$","?","M","R","E","M","T","R","?","E","?","$","R","BOSS","M","?","?","$","M","R","E","M","T","E","R","?","$","E","R","BOSS"],"build_version":"2022-03-07","purchased_purges":2,"victory":true,"max_hp_per_floor":[82,82,82,82,74,74,74,74,74,74,74,74,74,74,74,74,74,74,74,74,74,74,74,74,74,74,74,74,74,74,74,74,74,74,74,70,70,70,70,70,70,70,70,70,70,70,70,70,70,70],"relic_stats":{"Happy Flower":[19],"counters":[23,124],"Golden Idol":153,"Pen Nib":[5],"PreservedInsect":0,"Bag of Preparation":[34],"Burning Blood":137,"Centennial Puzzle":[33],"Nunchaku":[19],"Dream Catcher":0,"Pantograph":37,"Turnip":[0],"Necronomicon":[55],"Membership Card":309,"obtain_stats":[{"Happy Flower":31,"Golden Idol":5,"SacredBark":34,"Pen Nib":43,"PreservedInsect":48,"Bag of Preparation":9,"Burning Blood":0,"Centennial Puzzle":6,"Nunchaku":8,"Dream Catcher":24,"Pantograph":29,"Turnip":41,"Coffee Dripper":17,"Necronomicon":19,"Bag of Marbles":20,"Membership Card":31,"Toxic Egg 2":44,"Toy Ornithopter":10,"FossilizedHelix":26},{"Happy Flower":14,"Golden Idol":3,"SacredBark":15,"Pen Nib":19,"PreservedInsect":22,"Bag of Preparation":6,"Burning Blood":0,"Centennial Puzzle":4,"Nunchaku":6,"Dream Catcher":12,"Pantograph":14,"Turnip":18,"Coffee Dripper":9,"Necronomicon":10,"Bag of Marbles":10,"Membership Card":14,"Toxic Egg 2":20,"Toy Ornithopter":7,"FossilizedHelix":13},{"Happy Flower":67,"Golden Idol":10,"SacredBark":76,"Pen Nib":97,"PreservedInsect":116,"Bag of Preparation":29,"Burning Blood":0,"Centennial Puzzle":19,"Nunchaku":29,"Dream Catcher":60,"Pantograph":67,"Turnip":92,"Coffee Dripper":50,"Necronomicon":53,"Bag of Marbles":53,"Membership Card":67,"Toxic Egg 2":104,"Toy Ornithopter":34,"FossilizedHelix":63}],"Toy Ornithopter":29,"FossilizedHelix":[131]},"card_choices":[{"not_picked":["Clothesline","Armaments"],"picked":"Carnage","floor":1.0},{"not_picked":["Sword Boomerang","Pommel Strike"],"picked":"Thunderclap","floor":3.0},{"not_picked":["Wild Strike","Clothesline"],"picked":"Disarm","floor":4.0},{"not_picked":["Dark Embrace","Evolve"],"picked":"Shrug It Off","floor":6.0},{"not_picked":["Rage","Flex"],"picked":"Fiend Fire","floor":7.0},{"not_picked":["True Grit","Sword Boomerang"],"picked":"Uppercut","floor":8.0},{"not_picked":["Carnage","Sever Soul"],"picked":"Shrug It Off","floor":10.0},{"not_picked":["Shrug It Off","Pommel Strike","Clothesline"],"picked":"SKIP","floor":14.0},{"not_picked":["Juggernaut","Berserk"],"picked":"Limit Break","floor":16.0},{"not_picked":["Heavy Blade","Twin Strike","Clash"],"picked":"SKIP","floor":18.0},{"not_picked":["Reckless Charge","Thunderclap","Cleave"],"picked":"SKIP","floor":22.0},{"not_picked":["Perfected Strike","Heavy Blade"],"picked":"Anger","floor":24.0},{"not_picked":["Heavy Blade","Armaments"],"picked":"Shockwave","floor":25.0},{"not_picked":["Sword Boomerang","Warcry","Clash+1"],"picked":"SKIP","floor":29.0},{"not_picked":["Impervious","Brutality"],"picked":"Corruption","floor":33.0},{"not_picked":["Cleave","Sword Boomerang"],"picked":"Heavy Blade","floor":35.0},{"not_picked":["Heavy Blade","Perfected Strike"],"picked":"Dark Embrace","floor":39.0},{"not_picked":["Exhume","Bludgeon"],"picked":"Burning Pact","floor":41.0},{"not_picked":["Clash","Twin Strike","Pommel Strike"],"picked":"SKIP","floor":42},{"not_picked":["Combust","Perfected Strike","Dark Embrace"],"picked":"SKIP","floor":44},{"not_picked":["Carnage","Metallicize+1"],"picked":"Inflame","floor":46},{"not_picked":["Thunderclap","Fiend Fire"],"picked":"Spot Weakness+1","floor":48}],"player_experience":5123938,"relics_obtained":[{"floor":6.0,"key":"Centennial Puzzle"},{"floor":8.0,"key":"Nunchaku"},{"floor":9.0,"key":"Bag of Preparation"},{"floor":10.0,"key":"Toy Ornithopter"},{"floor":19.0,"key":"Necronomicon"},{"floor":24.0,"key":"Dream Catcher"},{"floor":26.0,"key":"FossilizedHelix"},{"floor":29.0,"key":"Pantograph"},{"floor":41.0,"key":"Turnip"},{"floor":43,"key":"Pen Nib"},{"floor":44,"key":"Toxic Egg 2"},{"floor":48,"key":"PreservedInsect"}],"event_choices":[{"damage_healed":0.0,"max_hp_gain":0.0,"max_hp_loss":0.0,"gold_gain":0.0,"event_name":"Shining Light","player_choice":"Entered Light","floor":2.0,"gold_loss":0.0,"damage_taken":25.0,"cards_upgraded":["Defend_R","Strike_R"]},{"damage_healed":0.0,"max_hp_gain":0.0,"max_hp_loss":8.0,"gold_gain":0.0,"event_name":"Golden Idol","player_choice":"Lose Max HP","floor":5.0,"gold_loss":0.0,"damage_taken":0.0,"relics_obtained":["Golden Idol"]},{"damage_healed":0.0,"max_hp_gain":0.0,"max_hp_loss":0.0,"gold_gain":0.0,"event_name":"Liars Game","player_choice":"Ignored","floor":12.0,"gold_loss":0.0,"damage_taken":0.0},{"damage_healed":0.0,"max_hp_gain":0.0,"max_hp_loss":0.0,"gold_gain":0.0,"event_name":"Living Wall","player_choice":"Grow","floor":13.0,"gold_loss":0.0,"damage_taken":0.0,"cards_upgraded":["Uppercut"]},{"damage_healed":0.0,"max_hp_gain":0.0,"max_hp_loss":0.0,"gold_gain":0.0,"event_name":"Cursed Tome","player_choice":"Obtained Book","floor":19.0,"gold_loss":0.0,"damage_taken":21.0},{"damage_healed":0.0,"max_hp_gain":0.0,"max_hp_loss":0.0,"gold_gain":0.0,"event_name":"Ghosts","player_choice":"Ignored","floor":21.0,"gold_loss":0.0,"damage_taken":0.0},{"damage_healed":0.0,"max_hp_gain":0.0,"max_hp_loss":0.0,"gold_gain":0.0,"event_name":"Vampires","player_choice":"Ignored","floor":28.0,"gold_loss":0.0,"damage_taken":0.0},{"damage_healed":0.0,"max_hp_gain":0.0,"max_hp_loss":0.0,"gold_gain":0.0,"event_name":"The Mausoleum","player_choice":"Ignored","floor":30.0,"gold_loss":0.0,"damage_taken":0.0},{"damage_healed":0.0,"max_hp_gain":0.0,"max_hp_loss":4.0,"gold_gain":0.0,"event_name":"Winding Halls","player_choice":"Max HP","floor":36.0,"gold_loss":0.0,"damage_taken":0.0},{"cards_removed":["Strike_R"],"damage_healed":0.0,"max_hp_gain":0.0,"max_hp_loss":0.0,"gold_gain":0.0,"event_name":"Designer","player_choice":"Upgrade and Remove","floor":37.0,"gold_loss":110.0,"damage_taken":0.0,"cards_upgraded":["Strike_R"]}],"is_beta":false,"boss_relics":[{"not_picked":["Black Star","Black Blood"],"picked":"Coffee Dripper"},{"not_picked":["Runic Dome","SlaversCollar"],"picked":"SacredBark"}],"items_purged_floors":[20,31],"is_endless":false,"potions_floor_spawned":[3,4,16,22,24,35,46,48],"ascension_level":15}