{"gold_per_floor":[110,129,279,54,54,89,89,116,162,176,211,228,228,27,27,101,101,120,134,12,12,28,61,75,75,129,158,158,172,172,184,184,257,307,321,321,331,349,369,403,403,41,41,68,68,78,109,125,125,125],"floor_reached":51,"playtime":2806,"items_purged":["Doubt","Strike_R","Strike_R"],"score":1464,"play_id":"a690f55e-baab-41c3-89fe-749e885d8513","local_time":"20220403213639","is_ascension_mode":true,"campfire_choices":[{"data":"Combust","floor":7.0,"key":"SMITH"},{"data":"Flame Barrier","floor":13.0,"key":"SMITH"},{"data":"Rupture","floor":15.0,"key":"SMITH"},{"data":"Corruption","floor":25.0,"key":"SMITH"},{"data":"Dark Embrace","floor":30.0,"key":"SMITH"},{"data":"Sword Boomerang","floor":32.0,"key":"SMITH"},{"data":"Heavy Blade","floor":41,"key":"SMITH"},{"data":"Armaments","floor":49,"key":"SMITH"}],"neow_cost":"NONE","seed_source_timestamp":194544166507600,"circlet_count":0,"master_deck":["AscendersBane","Strike_R+1","Defend_R","Defend_R","Defend_R","Defend_R","Bash+1","Combust+1","Shrug It Off","Flame Barrier+1","Corruption+1","Havoc","Dark Embrace+1","Rupture+1","Headbutt","Offering","True Grit","Armaments","Anger+1","Rupture+1","Clothesline+1","Cleave","Metallicize","Sword Boomerang+1","Reaper","Spot Weakness","Burning Pact","Heavy Blade+1","Battle Trance+1","Armaments+1","Disarm+1","Power Through+1"],"special_seed":0,"relics":["Burning Blood","Bag of Preparation","Pen Nib","Smiling Mask","Boot","Letter Opener","Coffee Dripper","MutagenicStrength","Dream Catcher","Toy Ornithopter","Nunchaku","Sundial","Tiny House","MealTicket","Self Forming Clay","The Courier","Question Card","Calipers"],"potions_floor_usage":[37,40,50,50],"damage_taken":[{"damage":9.0,"enemies":"Small Slimes","floor":1.0,"turns":4.0},{"damage":3.0,"enemies":"Jaw Worm","floor":2.0,"turns":3.0},{"damage":50.0,"enemies":"Lagavulin","floor":6.0,"turns":7.0},{"damage":11.0,"enemies":"3 Sentries","floor":8.0,"turns":6.0},{"damage":0.0,"enemies":"Cultist","floor":10.0,"turns":3.0},{"damage":17.0,"enemies":"Gremlin Nob","floor":11.0,"turns":4.0},{"damage":4.0,"enemies":"Looter","floor":12.0,"turns":4.0},{"damage":9.0,"enemies":"Hexaghost","floor":16.0,"turns":9.0},{"damage":12.0,"enemies":"Shell Parasite","floor":18.0,"turns":4.0},{"damage":6.0,"enemies":"3 Byrds","floor":19.0,"turns":3.0},{"damage":12.0,"enemies":"Snake Plant","floor":22.0,"turns":5.0},{"damage":20.0,"enemies":"Gremlin Leader","floor":23.0,"turns":6.0},{"damage":1.0,"enemies":"Snecko","floor":24.0,"turns":4.0},{"damage":12.0,"enemies":"Book of Stabbing","floor":27.0,"turns":4.0},{"damage":12.0,"enemies":"Sentry and Sphere","floor":29.0,"turns":3.0},{"damage":11.0,"enemies":"3 Cultists","floor":31.0,"turns":5.0},{"damage":17.0,"enemies":"Collector","floor":33.0,"turns":4.0},{"damage":11.0,"enemies":"3 Shapes","floor":35.0,"turns":3.0},{"damage":11,"enemies":"3 Darklings","floor":37,"turns":3},{"damage":11,"enemies":"Sphere and 2 Shapes","floor":38,"turns":3},{"damage":21,"enemies":"Jaw Worm Horde","floor":39,"turns":3},{"damage":41,"enemies":"Nemesis","floor":40,"turns":7},{"damage":33,"enemies":"Reptomancer","floor":44,"turns":6},{"damage":19,"enemies":"Transient","floor":46,"turns":5},{"damage":16,"enemies":"Nemesis","floor":47,"turns":3},{"damage":7,"enemies":"Spire Growth","floor":48,"turns":3},{"damage":61,"enemies":"Time Eater","floor":50,"turns":12}],"seed_played":"-5773148341121160797","potions_obtained":[{"floor":1.0,"key":"SkillPotion"},{"floor":2.0,"key":"Dexterity Potion"},{"floor":10.0,"key":"ColorlessPotion"},{"floor":16.0,"key":"BloodPotion"},{"floor":18.0,"key":"Swift Potion"},{"floor":23.0,"key":"Fruit Juice"},{"floor":24.0,"key":"Explosive Potion"},{"floor":31.0,"key":"EntropicBrew"},{"floor":33.0,"key":"Fire Potion"},{"floor":34.0,"key":"Fruit Juice"},{"floor":35.0,"key":"Ancient Potion"},{"floor":37,"key":"FairyPotion"},{"floor":40,"key":"AttackPotion"},{"floor":45,"key":"PowerPotion"}],"is_trial":false,"path_per_floor":["M","M","?","$","?","E","R","E","T","M","E","M","R","$","R","B",null,"M","M","$","?","M","E","M","R","T","E","T","M","R","M","R","B",null,"M","?","M","M","M","E","R","$","T","E","?","M","E","M","R","B",null],"character_chosen":"IRONCLAD","items_purchased":["Bag of Preparation","Rupture","PowerPotion","Headbutt","DistilledChaos","Self Forming Clay","Armaments","Dexterity Potion"],"campfire_rested":0,"item_purchase_floors":[4,14,14,14,20,42,42,42],"current_hp_per_floor":[65,68,68,68,68,24,24,19,19,25,14,16,16,16,16,13,60,54,54,69,69,63,49,59,59,59,58,58,52,52,47,47,51,78,90,90,90,85,88,58,58,73,73,90,90,77,84,83,83,83],"gold":125,"neow_bonus":"UPGRADE_CARD","is_prod":false,"is_daily":false,"chose_seed":false,"campfire_upgraded":8,"win_rate":0,"timestamp":1649046999,"path_taken":["M","M","?","$","?","E","R","E","T","?","E","M","R","$","R","BOSS","M","M","$","?","M","E","M","R","T","E","?","M","R","M","R","BOSS","M","?","M","M","?","E","R","$","T","E","?","M","E","?","R","BOSS"],"build_version":"2022-03-07","purchased_purges":3,"victory":true,"max_hp_per_floor":[75,75,75,75,75,75,75,75,75,75,75,75,75,75,75,75,75,75,75,75,75,75,75,80,80,80,80,80,80,80,80,80,80,85,90,90,90,90,90,90,90,90,90,90,90,90,90,90,90,90],"relic_stats":{"Calipers":[4],"counters":[27,126],"Self Forming Clay":[81],"Pen Nib":[17],"The Courier":0,"Bag of Preparation":[50],"Letter Opener":[257],"Smiling Mask":125,"Boot":[41],"Question Card":3,"Burning Blood":146,"Dream Catcher":0,"Nunchaku":[10],"Sundial":[10],"MealTicket":15,"obtain_stats":[{"Tiny House":34,"Calipers":47,"Self Forming Clay":42,"Pen Nib":6,"The Courier":43,"Bag of Preparation":4,"Letter Opener":11,"Smiling Mask":8,"Boot":9,"Question Card":44,"Burning Blood":0,"Dream Catcher":23,"Nunchaku":27,"Sundial":28,"MutagenicStrength":21,"MealTicket":40,"Coffee Dripper":17,"Toy Ornithopter":26},{"Tiny House":17,"Calipers":25,"Self Forming Clay":22,"Pen Nib":3,"The Courier":22,"Bag of Preparation":2,"Letter Opener":6,"Smiling Mask":4,"Boot":4,"Question Card":23,"Burning Blood":0,"Dream Catcher":12,"Nunchaku":14,"Sundial":14,"MutagenicStrength":10,"MealTicket":22,"Coffee Dripper":8,"Toy Ornithopter":13},{"Tiny House":78,"Calipers":111,"Self Forming Clay":97,"Pen Nib":14,"The Courier":97,"Bag of Preparation":7,"Letter Opener":27,"Smiling Mask":20,"Boot":20,"Question Card":103,"Burning Blood":0,"Dream Catcher":58,"Nunchaku":66,"Sundial":66,"MutagenicStrength":47,"MealTicket":97,"Coffee Dripper":40,"Toy Ornithopter":62}],"Toy Ornithopter":42},"card_choices":[{"not_picked":["Reckless Charge","Clash"],"picked":"Combust","floor":1.0},{"not_picked":["Rage","Clash","Thunderclap"],"picked":"SKIP","floor":2.0},{"not_picked":["Bloodletting","Twin Strike"],"picked":"Shrug It Off","floor":6.0},{"not_picked":["Warcry","Clothesline"],"picked":"Flame Barrier","floor":8.0},{"not_picked":["Sentinel","Pommel Strike"],"picked":"Corruption","floor":10.0},{"not_picked":["Sword Boomerang","Twin Strike"],"picked":"Havoc","floor":11.0},{"not_picked":["True Grit","Iron Wave"],"picked":"Dark Embrace","floor":12.0},{"not_picked":["Brutality","Limit Break"],"picked":"Offering","floor":16.0},{"not_picked":["Sword Boomerang","Rupture"],"picked":"True Grit","floor":18.0},{"not_picked":["Clash","Havoc"],"picked":"Armaments","floor":19.0},{"not_picked":["Flame Barrier","Armaments"],"picked":"Anger+1","floor":22.0},{"not_picked":["Heavy Blade","Anger+1"],"picked":"Rupture+1","floor":23.0},{"not_picked":["Iron Wave+1","Searing Blow"],"picked":"Clothesline+1","floor":24.0},{"not_picked":["Corruption","Perfected Strike"],"picked":"Cleave","floor":27.0},{"not_picked":["Hemokinesis","Perfected Strike"],"picked":"Metallicize","floor":29.0},{"not_picked":["Thunderclap","Havoc"],"picked":"Sword Boomerang","floor":31.0},{"not_picked":["Demon Form","Limit Break"],"picked":"Reaper","floor":33.0},{"not_picked":["Cleave","Clash"],"picked":"Spot Weakness","floor":34.0},{"not_picked":["Clothesline","Searing Blow"],"picked":"Burning Pact","floor":35.0},{"not_picked":["Blood for Blood","Cleave+1","Pommel Strike"],"picked":"SKIP","floor":37},{"not_picked":["Pommel Strike","Cleave"],"picked":"Heavy Blade","floor":38},{"not_picked":["Hemokinesis","Pommel Strike"],"picked":"Battle Trance+1","floor":39},{"not_picked":["Twin Strike","Anger","Flex"],"picked":"SKIP","floor":40},{"not_picked":["Infernal Blade","Searing Blow","Juggernaut"],"picked":"SKIP","floor":44},{"not_picked":["Evolve","Havoc","Dropkick","Sword Boomerang"],"picked":"SKIP","floor":46},{"not_picked":["Corruption","Pommel Strike","Searing Blow"],"picked":"Disarm+1","floor":47},{"not_picked":["Anger","Body Slam+1","Armaments"],"picked":"Power Through+1","floor":48}],"player_experience":5113266,"relics_obtained":[{"floor":6.0,"key":"Pen Nib"},{"floor":8.0,"key":"Smiling Mask"},{"floor":9.0,"key":"Boot"},{"floor":11.0,"key":"Letter Opener"},{"floor":23.0,"key":"Dream Catcher"},{"floor":26.0,"key":"Toy Ornithopter"},{"floor":27.0,"key":"Nunchaku"},{"floor":28.0,"key":"Sundial"},{"floor":40,"key":"MealTicket"},{"floor":43,"key":"The Courier"},{"floor":44,"key":"Question Card"},{"floor":47,"key":"Calipers"}],"event_choices":[{"damage_healed":0.0,"max_hp_gain":0.0,"max_hp_loss":0.0,"gold_gain":150.0,"event_name":"Liars Game","player_choice":"AGREE","floor":3.0,"gold_loss":0.0,"damage_taken":0.0,"cards_obtained":["Doubt"]},{"cards_removed":["Strike_R"],"damage_healed":0.0,"max_hp_gain":0.0,"max_hp_loss":0.0,"gold_gain":0.0,"event_name":"Wheel of Change","player_choice":"Card Removal","floor":5.0,"gold_loss":0.0,"damage_taken":0.0},{"damage_healed":0.0,"max_hp_gain":0.0,"max_hp_loss":0.0,"gold_gain":0.0,"event_name":"Drug Dealer","player_choice":"Inject Mutagens","floor":21.0,"gold_loss":0.0,"damage_taken":0.0,"relics_obtained":["MutagenicStrength"]},{"cards_removed":["Strike_R"],"damage_healed":0.0,"max_hp_gain":0.0,"max_hp_loss":0.0,"gold_gain":0.0,"event_name":"Bonfire Elementals","player_choice":"Offered Basic","floor":36.0,"gold_loss":0.0,"damage_taken":0.0},{"damage_healed":0,"gold_gain":0,"player_choice":"Got Potions","damage_taken":0,"max_hp_gain":0,"max_hp_loss":0,"event_name":"Lab","floor":45,"gold_loss":0}],"is_beta":false,"boss_relics":[{"not_picked":["SacredBark","Black Star"],"picked":"Coffee Dripper"},{"not_picked":["Velvet Choker","Fusion Hammer"],"picked":"Tiny House"}],"items_purged_floors":[4,14,20],"is_endless":false,"potions_floor_spawned":[1,2,10,16,18,23,24,31,33,35,37,40,46,48],"ascension_level":15}