{"gold_per_floor":[14,14,14,25,44,44,72,91,164,184,209,209,7,18,18,97,97,115,115,115,126,126,126,158,180,215,241,283,295,336,358,370,456,468,490,513,550,562,574,586,624,656,668,690,721,760,194,211,211,211],"floor_reached":51,"playtime":2735,"items_purged":["Strike_R+1"],"score":1645,"play_id":"7058f7eb-265f-436c-b6d0-a55d9cfaea01","local_time":"20220424093752","is_ascension_mode":true,"campfire_choices":[{"data":"Twin Strike","floor":6.0,"key":"SMITH"},{"data":"Armaments","floor":12.0,"key":"SMITH"},{"data":"Feel No Pain","floor":15.0,"key":"SMITH"},{"data":"True Grit","floor":23.0,"key":"SMITH"},{"data":"Blood for Blood","floor":29.0,"key":"SMITH"},{"data":"Dark Embrace","floor":32.0,"key":"SMITH"},{"data":"Corruption","floor":40.0,"key":"SMITH"},{"floor":49,"key":"REST"}],"neow_cost":"NO_GOLD","seed_source_timestamp":5231692433200,"circlet_count":0,"master_deck":["AscendersBane","Strike_R+1","Strike_R+1","Defend_R+1","Defend_R+1","Defend_R+1","Bash","Uppercut+1","Twin Strike+1","Feel No Pain+1","Corruption+1","Flame Barrier","Armaments+1","Battle Trance","Cleave","Offering","Blood for Blood+1","True Grit+1","Sentinel","Rupture+1","Dark Embrace+1","Limit Break","Disarm+1","Flex+1","Shrug It Off","Heavy Blade+1","Pommel Strike+1","Bludgeon","Whirlwind","Seeing Red","Clothesline+1"],"special_seed":0,"relics":["Burning Blood","StoneCalendar","Sundial","Dream Catcher","Lantern","Philosopher\u0027s Stone","MutagenicStrength","MawBank","Akabeko","Gremlin Horn","Centennial Puzzle","Snecko Eye","Potion Belt","Vajra","Eternal Feather","Smiling Mask","ClockworkSouvenir"],"potions_floor_usage":[50,50],"damage_taken":[{"damage":24.0,"enemies":"Jaw Worm","floor":1.0,"turns":6.0},{"damage":3.0,"enemies":"2 Louse","floor":4.0,"turns":3.0},{"damage":0.0,"enemies":"Cultist","floor":5.0,"turns":3.0},{"damage":18.0,"enemies":"3 Sentries","floor":7.0,"turns":10.0},{"damage":2.0,"enemies":"2 Fungi Beasts","floor":8.0,"turns":4.0},{"damage":11.0,"enemies":"Exordium Wildlife","floor":10.0,"turns":4.0},{"damage":6.0,"enemies":"Gremlin Nob","floor":11.0,"turns":3.0},{"damage":4.0,"enemies":"Red Slaver","floor":14.0,"turns":3.0},{"damage":10.0,"enemies":"Slime Boss","floor":16.0,"turns":7.0},{"damage":6.0,"enemies":"2 Thieves","floor":18.0,"turns":2.0},{"damage":6.0,"enemies":"Chosen","floor":21.0,"turns":3.0},{"damage":6.0,"enemies":"Gremlin Leader","floor":24.0,"turns":4.0},{"damage":18.0,"enemies":"Shelled Parasite and Fungi","floor":25.0,"turns":5.0},{"damage":7.0,"enemies":"3 Cultists","floor":27.0,"turns":6.0},{"damage":10.0,"enemies":"Book of Stabbing","floor":28.0,"turns":5.0},{"damage":6.0,"enemies":"Slavers","floor":30.0,"turns":5.0},{"damage":0.0,"enemies":"Cultist and Chosen","floor":31.0,"turns":6.0},{"damage":17.0,"enemies":"Automaton","floor":33.0,"turns":8.0},{"damage":0.0,"enemies":"3 Darklings","floor":35.0,"turns":4.0},{"damage":6.0,"enemies":"Orb Walker","floor":36.0,"turns":2.0},{"damage":36.0,"enemies":"Nemesis","floor":41.0,"turns":7.0},{"damage":6.0,"enemies":"4 Shapes","floor":42.0,"turns":4.0},{"damage":7.0,"enemies":"Jaw Worm Horde","floor":44.0,"turns":3.0},{"damage":9,"enemies":"Writhing Mass","floor":45,"turns":6},{"damage":12,"enemies":"Giant Head","floor":46,"turns":6},{"damage":0,"enemies":"3 Darklings","floor":48,"turns":3},{"damage":6,"enemies":"Awakened One","floor":50,"turns":4}],"seed_played":"782072794844299832","potions_obtained":[{"floor":1.0,"key":"Ancient Potion"},{"floor":8.0,"key":"Weak Potion"},{"floor":10.0,"key":"AttackPotion"},{"floor":16.0,"key":"SteroidPotion"},{"floor":18.0,"key":"SneckoOil"},{"floor":25.0,"key":"DuplicationPotion"},{"floor":36.0,"key":"Fire Potion"},{"floor":44.0,"key":"DistilledChaos"},{"floor":46,"key":"Explosive Potion"}],"is_trial":false,"path_per_floor":["M","?","?","M","M","R","E","M","T","M","E","R","$","M","R","B",null,"M","?","?","M","$","R","E","M","T","M","E","R","E","M","R","B",null,"M","M","T","?","?","R","E","M","T","M","M","E","$","M","R","B",null],"character_chosen":"IRONCLAD","items_purchased":["Lantern","Explosive Potion","ClockworkSouvenir","Strength Potion","DistilledChaos","Bludgeon","Whirlwind","Seeing Red"],"campfire_rested":1,"item_purchase_floors":[13,13,47,47,47,47,47,47],"current_hp_per_floor":[50,50,50,53,59,59,47,51,51,46,46,46,46,48,48,44,67,67,67,67,67,67,67,67,55,55,54,50,50,50,56,56,45,68,74,74,74,71,71,71,41,41,41,40,37,31,31,37,71,71],"gold":211,"neow_bonus":"REMOVE_TWO","is_prod":false,"is_daily":false,"chose_seed":false,"campfire_upgraded":7,"win_rate":0,"timestamp":1650818272,"path_taken":["M","?","?","M","M","R","E","M","T","?","E","R","$","M","R","BOSS","M","?","?","M","?","R","E","M","T","M","E","R","E","M","R","BOSS","M","M","?","?","?","R","E","?","T","M","M","E","$","M","R","BOSS"],"build_version":"2022-03-07","purchased_purges":1,"victory":true,"max_hp_per_floor":[75,75,75,75,75,75,75,75,75,75,75,75,75,75,75,75,75,75,75,75,75,75,75,75,75,75,75,75,75,75,75,75,75,75,75,75,75,71,71,71,71,71,71,71,71,71,71,71,71,71],"relic_stats":{"Dream Catcher":1,"Centennial Puzzle":[24],"Gremlin Horn":[12,17],"counters":[27,126],"Sundial":[24],"Snecko Eye":[61,71,75,70,-60],"StoneCalendar":[112],"Eternal Feather":18,"MawBank":276,"Smiling Mask":25,"obtain_stats":[{"Potion Belt":37,"Lantern":13,"Gremlin Horn":28,"Vajra":41,"StoneCalendar":7,"Eternal Feather":43,"MawBank":24,"Smiling Mask":46,"Burning Blood":0,"Akabeko":26,"ClockworkSouvenir":47,"Dream Catcher":11,"Centennial Puzzle":30,"Sundial":9,"MutagenicStrength":20,"Snecko Eye":34,"Philosopher\u0027s Stone":17},{"Potion Belt":20,"Lantern":7,"Gremlin Horn":15,"Vajra":21,"StoneCalendar":4,"Eternal Feather":22,"MawBank":12,"Smiling Mask":25,"Burning Blood":0,"Akabeko":13,"ClockworkSouvenir":25,"Dream Catcher":7,"Centennial Puzzle":16,"Sundial":5,"MutagenicStrength":10,"Snecko Eye":18,"Philosopher\u0027s Stone":9},{"Potion Belt":93,"Lantern":33,"Gremlin Horn":68,"Vajra":100,"StoneCalendar":22,"Eternal Feather":104,"MawBank":52,"Smiling Mask":119,"Burning Blood":0,"Akabeko":57,"ClockworkSouvenir":119,"Dream Catcher":33,"Centennial Puzzle":73,"Sundial":26,"MutagenicStrength":45,"Snecko Eye":87,"Philosopher\u0027s Stone":43}],"Burning Blood":162},"card_choices":[{"not_picked":["Shockwave","Thunderclap"],"picked":"Uppercut","floor":1.0},{"not_picked":["Second Wind","Sentinel"],"picked":"Twin Strike","floor":4.0},{"not_picked":["Evolve","Uppercut"],"picked":"Feel No Pain","floor":5.0},{"not_picked":["Power Through","True Grit"],"picked":"Corruption","floor":7.0},{"not_picked":["Disarm","Clash"],"picked":"Flame Barrier","floor":8.0},{"not_picked":["Thunderclap","Havoc"],"picked":"Armaments","floor":10.0},{"not_picked":["Clash","Barricade"],"picked":"Battle Trance","floor":11.0},{"not_picked":["Heavy Blade","Shockwave"],"picked":"Cleave","floor":14.0},{"not_picked":["Double Tap","Reaper"],"picked":"Offering","floor":16.0},{"not_picked":["Wild Strike","Sword Boomerang"],"picked":"Blood for Blood","floor":18.0},{"not_picked":["Perfected Strike","Armaments"],"picked":"True Grit","floor":21.0},{"not_picked":["Armaments+1","Sever Soul","Body Slam"],"picked":"SKIP","floor":24.0},{"not_picked":["Heavy Blade+1","Dual Wield"],"picked":"Sentinel","floor":25.0},{"not_picked":["Bloodletting","Cleave","Flame Barrier"],"picked":"SKIP","floor":27.0},{"not_picked":["Clash","Sword Boomerang"],"picked":"Rupture+1","floor":28.0},{"not_picked":["Power Through","Rampage"],"picked":"Dark Embrace","floor":30.0},{"not_picked":["Uppercut","Reckless Charge","Thunderclap"],"picked":"SKIP","floor":31.0},{"not_picked":["Immolate","Corruption"],"picked":"Limit Break","floor":33.0},{"not_picked":["Perfected Strike","Headbutt","Thunderclap"],"picked":"SKIP","floor":35.0},{"not_picked":["Thunderclap","Offering"],"picked":"Disarm+1","floor":36.0},{"not_picked":["Body Slam+1","True Grit"],"picked":"Flex+1","floor":41.0},{"not_picked":["Anger","Rage"],"picked":"Shrug It Off","floor":42.0},{"not_picked":["Shrug It Off+1","Dual Wield"],"picked":"Heavy Blade+1","floor":44.0},{"not_picked":["Cleave","Blood for Blood","Hemokinesis"],"picked":"SKIP","floor":45},{"not_picked":["Iron Wave","Body Slam"],"picked":"Pommel Strike+1","floor":46},{"not_picked":["Dropkick+1","Power Through"],"picked":"Clothesline+1","floor":48}],"player_experience":5138877,"relics_obtained":[{"floor":7.0,"key":"StoneCalendar"},{"floor":9.0,"key":"Sundial"},{"floor":11.0,"key":"Dream Catcher"},{"floor":24.0,"key":"MawBank"},{"floor":26.0,"key":"Akabeko"},{"floor":28.0,"key":"Gremlin Horn"},{"floor":30.0,"key":"Centennial Puzzle"},{"floor":37.0,"key":"Potion Belt"},{"floor":41.0,"key":"Vajra"},{"floor":43.0,"key":"Eternal Feather"},{"floor":46,"key":"Smiling Mask"}],"event_choices":[{"damage_healed":0.0,"max_hp_gain":0.0,"max_hp_loss":0.0,"gold_gain":0.0,"event_name":"Living Wall","player_choice":"Grow","floor":2.0,"gold_loss":0.0,"damage_taken":0.0,"cards_upgraded":["Uppercut"]},{"cards_removed":["Defend_R"],"damage_healed":0.0,"max_hp_gain":0.0,"max_hp_loss":0.0,"gold_gain":0.0,"event_name":"Purifier","player_choice":"Purged","floor":3.0,"gold_loss":0.0,"damage_taken":0.0},{"damage_healed":0.0,"max_hp_gain":0.0,"max_hp_loss":0.0,"gold_gain":0.0,"event_name":"Back to Basics","player_choice":"Simplicity","floor":19.0,"gold_loss":0.0,"damage_taken":0.0,"cards_upgraded":["Strike_R","Strike_R","Strike_R","Defend_R","Defend_R","Defend_R"]},{"damage_healed":0.0,"max_hp_gain":0.0,"max_hp_loss":0.0,"gold_gain":0.0,"event_name":"Drug Dealer","player_choice":"Inject Mutagens","floor":20.0,"gold_loss":0.0,"damage_taken":0.0,"relics_obtained":["MutagenicStrength"]},{"damage_healed":0.0,"max_hp_gain":0.0,"max_hp_loss":4.0,"gold_gain":0.0,"event_name":"Winding Halls","player_choice":"Max HP","floor":38.0,"gold_loss":0.0,"damage_taken":0.0},{"damage_healed":0.0,"max_hp_gain":0.0,"max_hp_loss":0.0,"gold_gain":0.0,"event_name":"SecretPortal","player_choice":"Ignored","floor":39.0,"gold_loss":0.0,"damage_taken":0.0}],"is_beta":false,"boss_relics":[{"not_picked":["Astrolabe","Empty Cage"],"picked":"Philosopher\u0027s Stone"},{"not_picked":["Mark of Pain","SacredBark"],"picked":"Snecko Eye"}],"items_purged_floors":[47],"is_endless":false,"potions_floor_spawned":[1,8,10,16,18,21,25,27,36,44,46],"ascension_level":15}