{"gold_per_floor":[361,361,379,379,393,424,424,440,440,267,267,308,344,344,344,443,443,463,479,504,525,543,543],"floor_reached":23,"playtime":729,"items_purged":["Strike_R"],"score":443,"play_id":"2ae9331e-7ab9-49b8-9126-0b0dc8cfdc0c","local_time":"20220422171308","is_ascension_mode":true,"campfire_choices":[{"data":"Hemokinesis","floor":7,"key":"SMITH"},{"data":"Spot Weakness","floor":11,"key":"SMITH"},{"data":"Clothesline","floor":15,"key":"SMITH"}],"neow_cost":"TEN_PERCENT_HP_LOSS","seed_source_timestamp":243072698980400,"circlet_count":0,"master_deck":["AscendersBane","Strike_R","Strike_R","Strike_R","Strike_R","Defend_R","Defend_R","Defend_R","Defend_R","Bash+1","Clothesline+1","Sword Boomerang","Hemokinesis+1","Cleave","Spot Weakness+1","Shrug It Off","Power Through","Offering","Rampage","Headbutt","Heavy Blade+1","Anger"],"relics":["Burning Blood","Golden Idol","Matryoshka","Happy Flower","WingedGreaves","The Courier","Odd Mushroom","Mark of Pain"],"potions_floor_usage":[6,12,16,18,22],"damage_taken":[{"damage":2,"enemies":"2 Louse","floor":1,"turns":4},{"damage":8,"enemies":"Jaw Worm","floor":3,"turns":4},{"damage":4,"enemies":"Cultist","floor":5,"turns":3},{"damage":49,"enemies":"3 Sentries","floor":6,"turns":9},{"damage":8,"enemies":"Blue Slaver","floor":8,"turns":5},{"damage":7,"enemies":"Lagavulin","floor":12,"turns":4},{"damage":5,"enemies":"The Mushroom Lair","floor":13,"turns":4},{"damage":4,"enemies":"Slime Boss","floor":16,"turns":6},{"damage":13,"enemies":"2 Thieves","floor":18,"turns":4},{"damage":6,"enemies":"Chosen","floor":19,"turns":3},{"damage":14,"enemies":"Centurion and Healer","floor":20,"turns":4},{"damage":18,"enemies":"Chosen and Byrds","floor":21,"turns":4},{"damage":13,"enemies":"Snake Plant","floor":22,"turns":3},{"damage":22,"enemies":"Gremlin Leader","floor":23,"turns":4}],"seed_played":"-4562256649771484356","potions_obtained":[{"floor":1,"key":"EssenceOfSteel"},{"floor":3,"key":"Regen Potion"},{"floor":6,"key":"Ancient Potion"},{"floor":12,"key":"HeartOfIron"},{"floor":13,"key":"PowerPotion"},{"floor":18,"key":"GamblersBrew"},{"floor":21,"key":"Fire Potion"}],"is_trial":false,"path_per_floor":["M","?","M","?","M","E","R","M","T","$","R","E","?","?","R","B",null,"M","M","M","M","M","E"],"character_chosen":"IRONCLAD","items_purchased":["Block Potion","Shrug It Off"],"campfire_rested":0,"item_purchase_floors":[10,10],"current_hp_per_floor":[68,62,60,60,62,34,34,32,32,32,32,31,32,32,32,34,55,48,48,40,28,21,0],"gold":543,"neow_bonus":"TWO_FIFTY_GOLD","is_prod":false,"is_daily":false,"chose_seed":false,"campfire_upgraded":3,"win_rate":0,"timestamp":1650672788,"path_taken":["M","?","M","?","?","E","R","M","T","$","R","E","?","?","R","BOSS","M","M","?","M","?","E"],"build_version":"2022-03-07","purchased_purges":1,"victory":false,"max_hp_per_floor":[68,62,62,62,62,62,62,62,62,62,62,62,62,62,62,62,62,62,62,62,62,62,62],"relic_stats":{"Matryoshka":1,"Happy Flower":[12],"counters":[14,61],"Golden Idol":71,"WingedGreaves":1,"The Courier":0,"obtain_stats":[{"Matryoshka":6,"Happy Flower":9,"Golden Idol":2,"WingedGreaves":9,"The Courier":12,"Mark of Pain":17,"Odd Mushroom":13,"Burning Blood":0},{"Matryoshka":4,"Happy Flower":5,"Golden Idol":1,"WingedGreaves":5,"The Courier":6,"Mark of Pain":8,"Odd Mushroom":7,"Burning Blood":0},{"Matryoshka":20,"Happy Flower":25,"Golden Idol":4,"WingedGreaves":25,"The Courier":29,"Mark of Pain":39,"Odd Mushroom":33,"Burning Blood":0}],"Burning Blood":74},"card_choices":[{"not_picked":["Sever Soul","Heavy Blade"],"picked":"Clothesline","floor":1},{"not_picked":["Sentinel","Body Slam"],"picked":"Sword Boomerang","floor":3},{"not_picked":["Havoc","Evolve"],"picked":"Hemokinesis","floor":5},{"not_picked":["Shrug It Off","Clothesline"],"picked":"Cleave","floor":6},{"not_picked":["Flex","Cleave"],"picked":"Spot Weakness","floor":8},{"not_picked":["Pommel Strike","Body Slam"],"picked":"Power Through","floor":12},{"not_picked":["Berserk","Corruption"],"picked":"Offering","floor":16},{"not_picked":["Bloodletting","Iron Wave"],"picked":"Rampage","floor":18},{"not_picked":["Entrench","Cleave"],"picked":"Headbutt","floor":19},{"not_picked":["Body Slam","Second Wind"],"picked":"Heavy Blade+1","floor":20},{"not_picked":["Pommel Strike","Warcry","Havoc"],"picked":"SKIP","floor":21},{"not_picked":["Clash","Perfected Strike"],"picked":"Anger","floor":22}],"player_experience":5135429,"relics_obtained":[{"floor":6,"key":"Matryoshka"},{"floor":9,"key":"Happy Flower"},{"floor":9,"key":"WingedGreaves"},{"floor":12,"key":"The Courier"},{"floor":13,"key":"Odd Mushroom"}],"event_choices":[{"damage_healed":0,"gold_gain":0,"player_choice":"Lose Max HP","damage_taken":0,"relics_obtained":["Golden Idol"],"max_hp_gain":0,"max_hp_loss":6,"event_name":"Golden Idol","floor":2,"gold_loss":0},{"damage_healed":0,"gold_gain":0,"player_choice":"Upgraded","damage_taken":0,"max_hp_gain":0,"max_hp_loss":0,"event_name":"Upgrade Shrine","floor":4,"gold_loss":0,"cards_upgraded":["Bash"]},{"damage_healed":0,"gold_gain":0,"player_choice":"Fought Mushrooms","damage_taken":0,"max_hp_gain":0,"max_hp_loss":0,"event_name":"Mushrooms","floor":13,"gold_loss":0},{"damage_healed":0,"gold_gain":0,"player_choice":"Got Potions","damage_taken":0,"max_hp_gain":0,"max_hp_loss":0,"event_name":"Lab","floor":14,"gold_loss":0}],"is_beta":false,"boss_relics":[{"not_picked":["Tiny House","Sozu"],"picked":"Mark of Pain"}],"items_purged_floors":[10],"is_endless":false,"potions_floor_spawned":[1,3,6,12,13,18,21],"killed_by":"Gremlin Leader","ascension_level":15}