{"gold_per_floor":[17,17,17,38,59,99,99,120,120,5,40,40,79,92,92,186,186,207,226,226,1,15,54,75,118,143,0,0,24,24,24,24,126,126,148,28,0,0,27,27,69,69,95,139,171,216,240,290,290,290],"floor_reached":51,"playtime":1513,"items_purged":["Strike_R"],"score":1515,"play_id":"c111f193-737c-41f2-a867-2da5fe62fe57","local_time":"20220518215025","is_ascension_mode":true,"campfire_choices":[{"data":"Immolate","floor":12.0,"key":"SMITH"},{"data":"Rage","floor":15.0,"key":"SMITH"},{"floor":30.0,"key":"REST"},{"floor":32.0,"key":"REST"},{"data":"Spot Weakness","floor":40,"key":"SMITH"},{"data":"Flame Barrier","floor":42,"key":"SMITH"},{"data":"Barricade","floor":49,"key":"SMITH"}],"neow_cost":"NO_GOLD","seed_source_timestamp":134265294339699,"circlet_count":0,"master_deck":["AscendersBane","Strike_R","Defend_R+1","Defend_R","Defend_R","Defend_R","Bash","Sword Boomerang","Carnage","Cleave","Immolate+1","Shockwave+1","Battle Trance","Rage+1","Demon Form+1","Flame Barrier+1","Sword Boomerang+1","Spot Weakness+1","Inflame","Fiend Fire","Rampage","Anger","Battle Trance+1","Power Through","Shrug It Off","Pommel Strike+1","Twin Strike+1","Barricade+1"],"special_seed":0,"relics":["Burning Blood","Golden Idol","Question Card","Turnip","Shuriken","War Paint","Bronze Scales","Velvet Choker","Bag of Preparation","Bottled Lightning","CeramicFish","Potion Belt","Happy Flower","Enchiridion","Empty Cage","Red Mask","Molten Egg 2","PreservedInsect","Gremlin Horn","Letter Opener","Dead Branch"],"potions_floor_usage":[33,44,44,45,48,50,50,50,50],"damage_taken":[{"damage":13.0,"enemies":"Jaw Worm","floor":1.0,"turns":4.0},{"damage":3.0,"enemies":"2 Louse","floor":4.0,"turns":3.0},{"damage":1.0,"enemies":"Cultist","floor":5.0,"turns":3.0},{"damage":40.0,"enemies":"Lagavulin","floor":6.0,"turns":5.0},{"damage":16.0,"enemies":"Exordium Thugs","floor":8.0,"turns":4.0},{"damage":13.0,"enemies":"Gremlin Nob","floor":11.0,"turns":3.0},{"damage":0.0,"enemies":"Lagavulin","floor":13.0,"turns":7.0},{"damage":3.0,"enemies":"Looter","floor":14.0,"turns":3.0},{"damage":10.0,"enemies":"Hexaghost","floor":16.0,"turns":8.0},{"damage":10.0,"enemies":"Shell Parasite","floor":18.0,"turns":3.0},{"damage":17.0,"enemies":"2 Thieves","floor":19.0,"turns":4.0},{"damage":22.0,"enemies":"Shelled Parasite and Fungi","floor":22.0,"turns":4.0},{"damage":31.0,"enemies":"Slavers","floor":23.0,"turns":5.0},{"damage":0.0,"enemies":"Snecko","floor":24.0,"turns":4.0},{"damage":0.0,"enemies":"Gremlin Leader","floor":25.0,"turns":5.0},{"damage":14.0,"enemies":"Snake Plant","floor":29.0,"turns":4.0},{"damage":36,"enemies":"Automaton","floor":33,"turns":6},{"damage":6,"enemies":"3 Shapes","floor":35,"turns":4},{"damage":2,"enemies":"Orb Walker","floor":39,"turns":2},{"damage":13,"enemies":"Reptomancer","floor":41,"turns":6},{"damage":29,"enemies":"Nemesis","floor":44,"turns":7},{"damage":27,"enemies":"Writhing Mass","floor":45,"turns":4},{"damage":1,"enemies":"Reptomancer","floor":46,"turns":3},{"damage":0,"enemies":"Jaw Worm Horde","floor":47,"turns":2},{"damage":10,"enemies":"Nemesis","floor":48,"turns":5},{"damage":49,"enemies":"Time Eater","floor":50,"turns":5}],"seed_played":"1637125130526651661","potions_obtained":[{"floor":4.0,"key":"PowerPotion"},{"floor":5.0,"key":"PowerPotion"},{"floor":11.0,"key":"ColorlessPotion"},{"floor":13.0,"key":"BloodPotion"},{"floor":19.0,"key":"PowerPotion"},{"floor":23.0,"key":"Energy Potion"},{"floor":25.0,"key":"ElixirPotion"},{"floor":41,"key":"Strength Potion"},{"floor":44,"key":"BlessingOfTheForge"},{"floor":45,"key":"BloodPotion"},{"floor":46,"key":"PowerPotion"},{"floor":48,"key":"SkillPotion"}],"is_trial":false,"path_per_floor":["M","?","?","M","M","E","T","M","T","$","E","R","E","M","R","B",null,"M","M","?","$","M","E","M","E","T","$","?","M","R","?","R","B",null,"M","$","?","?","M","R","E","R","T","E","M","E","M","E","R","B",null],"character_chosen":"IRONCLAD","items_purchased":["Fire Potion","Battle Trance","Bag of Preparation","Happy Flower","BloodPotion","Swift Potion","Anger"],"campfire_rested":2,"item_purchase_floors":[10,10,21,27,36,36,36],"current_hp_per_floor":[75,75,75,78,81,47,47,37,37,37,30,30,36,39,39,35,70,66,55,55,55,39,30,36,42,42,42,21,13,37,37,61,31,69,69,69,69,69,73,73,66,66,66,43,38,43,49,61,61,18],"gold":290,"neow_bonus":"TWENTY_PERCENT_HP_BONUS","is_prod":false,"is_daily":false,"chose_seed":false,"campfire_upgraded":5,"win_rate":0,"timestamp":1652935825,"path_taken":["M","?","?","?","M","E","?","M","T","$","E","R","E","M","R","BOSS","M","M","?","$","M","E","M","E","T","$","?","M","R","?","R","BOSS","M","$","?","?","M","R","E","R","T","E","M","E","?","E","R","BOSS"],"build_version":"2022-03-07","purchased_purges":1,"victory":true,"max_hp_per_floor":[89,81,81,81,81,81,81,81,81,81,81,81,81,81,81,81,81,81,81,81,81,81,81,81,81,81,81,81,81,81,81,81,81,81,81,81,81,81,81,81,81,81,81,81,81,81,81,81,81,81],"card_choices":[{"not_picked":["Perfected Strike","Shrug It Off"],"picked":"Sword Boomerang","floor":1.0},{"not_picked":["Anger","Clothesline"],"picked":"Carnage","floor":4.0},{"not_picked":["Shrug It Off","Heavy Blade"],"picked":"Cleave","floor":5.0},{"not_picked":["Carnage","Clash"],"picked":"Immolate","floor":6.0},{"not_picked":["Twin Strike","Anger","Pommel Strike"],"picked":"Shockwave","floor":8.0},{"not_picked":["Heavy Blade","Sentinel","Carnage","Bludgeon"],"picked":"SKIP","floor":11.0},{"not_picked":["Heavy Blade","Sentinel","Carnage","Bludgeon"],"picked":"SKIP","floor":11.0},{"not_picked":["Warcry","Combust","Body Slam"],"picked":"Rage","floor":13.0},{"not_picked":["Body Slam","Warcry","Thunderclap","Sever Soul"],"picked":"SKIP","floor":14.0},{"not_picked":["Fiend Fire","Barricade","Juggernaut"],"picked":"Demon Form","floor":16.0},{"not_picked":["Cleave","Headbutt","Sword Boomerang"],"picked":"Flame Barrier","floor":18.0},{"not_picked":["Wild Strike","Rage","Searing Blow"],"picked":"Sword Boomerang+1","floor":19.0},{"not_picked":["Cleave","Iron Wave","Flame Barrier"],"picked":"Spot Weakness","floor":22.0},{"not_picked":["Barricade","Ghostly Armor","Rupture","Heavy Blade"],"picked":"SKIP","floor":23.0},{"not_picked":["Rupture","Searing Blow+1","Heavy Blade"],"picked":"Inflame","floor":24.0},{"not_picked":["Pommel Strike","Sword Boomerang","Cleave","Havoc"],"picked":"SKIP","floor":25.0},{"not_picked":["Iron Wave","Wild Strike+1","Clothesline","Flex"],"picked":"SKIP","floor":29.0},{"not_picked":["Immolate","Double Tap","Demon Form"],"picked":"Fiend Fire","floor":33},{"not_picked":["Inflame","Ghostly Armor","Infernal Blade"],"picked":"Rampage","floor":35},{"not_picked":["Cleave","Thunderclap","Anger"],"picked":"Battle Trance+1","floor":39},{"not_picked":["Anger+1","Infernal Blade","Berserk"],"picked":"Power Through","floor":41},{"not_picked":["Whirlwind+1","Immolate+1","Combust"],"picked":"Shrug It Off","floor":44},{"not_picked":["Clash+1","Dual Wield","Searing Blow+1"],"picked":"Pommel Strike+1","floor":45},{"not_picked":["Havoc+1","Bloodletting","Cleave+1"],"picked":"Twin Strike+1","floor":46},{"not_picked":["Body Slam+1","Wild Strike+1","Shrug It Off","Anger+1"],"picked":"SKIP","floor":47},{"not_picked":["Warcry","Body Slam+1","Fire Breathing"],"picked":"Barricade","floor":48}],"player_experience":5148851,"relics_obtained":[{"floor":6.0,"key":"Question Card"},{"floor":7.0,"key":"Turnip"},{"floor":9.0,"key":"Shuriken"},{"floor":11.0,"key":"War Paint"},{"floor":13.0,"key":"Bronze Scales"},{"floor":23.0,"key":"Bottled Lightning"},{"floor":25.0,"key":"CeramicFish"},{"floor":26.0,"key":"Potion Belt"},{"floor":28.0,"key":"Enchiridion"},{"floor":41,"key":"Molten Egg 2"},{"floor":43,"key":"PreservedInsect"},{"floor":44,"key":"Gremlin Horn"},{"floor":46,"key":"Letter Opener"},{"floor":48,"key":"Dead Branch"}],"event_choices":[{"damage_healed":0.0,"max_hp_gain":0.0,"max_hp_loss":8.0,"gold_gain":0.0,"event_name":"Golden Idol","player_choice":"Lose Max HP","floor":2.0,"gold_loss":0.0,"damage_taken":0.0,"relics_obtained":["Golden Idol"]},{"cards_removed":["Strike_R"],"damage_healed":0.0,"max_hp_gain":0.0,"max_hp_loss":0.0,"gold_gain":0.0,"event_name":"Bonfire Elementals","player_choice":"Offered Basic","floor":3.0,"gold_loss":0.0,"damage_taken":0.0},{"damage_healed":0.0,"max_hp_gain":0.0,"max_hp_loss":0.0,"gold_gain":0.0,"event_name":"Vampires","player_choice":"Ignored","floor":20.0,"gold_loss":0.0,"damage_taken":0.0},{"damage_healed":0.0,"max_hp_gain":0.0,"max_hp_loss":0.0,"gold_gain":0.0,"event_name":"Cursed Tome","player_choice":"Obtained Book","floor":28.0,"gold_loss":0.0,"damage_taken":21.0},{"damage_healed":0.0,"max_hp_gain":0.0,"max_hp_loss":0.0,"gold_gain":0.0,"event_name":"The Mausoleum","player_choice":"Ignored","floor":31.0,"gold_loss":0.0,"damage_taken":0.0},{"damage_healed":0,"gold_gain":0,"player_choice":"Paid","damage_taken":0,"relics_obtained":["Red Mask"],"max_hp_gain":0,"max_hp_loss":0,"event_name":"Tomb of Lord Red Mask","floor":37,"gold_loss":28},{"damage_healed":0,"gold_gain":0,"player_choice":"Forge","damage_taken":0,"max_hp_gain":0,"max_hp_loss":0,"event_name":"Accursed Blacksmith","floor":38,"gold_loss":0,"cards_upgraded":["Demon Form"]}],"is_beta":false,"boss_relics":[{"not_picked":["Busted Crown","Astrolabe"],"picked":"Velvet Choker"},{"not_picked":["Mark of Pain","Runic Dome"],"picked":"Empty Cage"}],"items_purged_floors":[21],"is_endless":false,"potions_floor_spawned":[4,5,11,13,19,23,25,41,44,45,46,48],"ascension_level":15}