{"gold_per_floor":[11,11,31,106,123,123,149,168,168,183,183,202,231,243,243,317,317,329,254,269,24,44,44,59,59,59,78,90,116,129,156,156,230,230,249,265,265,290,290,290,303,336,371,438,49,49,79,79,79,79],"floor_reached":51,"playtime":1776,"items_purged":["Strike_R","Strike_R","Strike_R"],"score":1378,"play_id":"9d7a4a0c-f894-45b7-aecc-a11c3f8dd666","local_time":"20220621184515","is_ascension_mode":true,"campfire_choices":[{"data":"Armaments","floor":6.0,"key":"SMITH"},{"data":"Corruption","floor":15.0,"key":"SMITH"},{"data":"Spot Weakness","floor":23.0,"key":"SMITH"},{"data":"Fiend Fire","floor":25.0,"key":"SMITH"},{"data":"Shockwave","floor":32.0,"key":"SMITH"},{"data":"Feel No Pain","floor":40,"key":"SMITH"},{"floor":46,"key":"REST"},{"data":"Dark Embrace","floor":49,"key":"SMITH"}],"neow_cost":"NO_GOLD","seed_source_timestamp":38551380932000,"circlet_count":0,"master_deck":["AscendersBane","Strike_R","Strike_R","Defend_R","Defend_R","Defend_R","Defend_R","Bash+1","Limit Break","Twin Strike","Armaments+1","Pummel","Corruption+1","Cleave","Anger","Offering","True Grit","Fiend Fire+1","Spot Weakness+1","Pommel Strike","Battle Trance","Shockwave+1","Whirlwind+1","Reaper","Feel No Pain+1","Shrug It Off","Second Wind+1","Inflame+1","Armaments+1","Dark Embrace+1","Heavy Blade+1","Headbutt+1","Limit Break"],"special_seed":0,"relics":["Burning Blood","Blood Vial","StrikeDummy","Meat on the Bone","Sozu","Vajra","Matryoshka","The Courier","Nunchaku","Black Star","Thread and Needle","Juzu Bracelet","MawBank","Molten Egg 2","Happy Flower","Prayer Wheel","Self Forming Clay","Pear","Letter Opener"],"potions_floor_usage":[50],"damage_taken":[{"damage":0.0,"enemies":"Small Slimes","floor":1.0,"turns":3.0},{"damage":12.0,"enemies":"Jaw Worm","floor":3.0,"turns":3.0},{"damage":9.0,"enemies":"2 Louse","floor":5.0,"turns":3.0},{"damage":25.0,"enemies":"Lagavulin","floor":7.0,"turns":8.0},{"damage":15.0,"enemies":"Lots of Slimes","floor":8.0,"turns":5.0},{"damage":25.0,"enemies":"Gremlin Gang","floor":10.0,"turns":5.0},{"damage":3.0,"enemies":"Large Slime","floor":12.0,"turns":3.0},{"damage":14.0,"enemies":"Gremlin Nob","floor":13.0,"turns":3.0},{"damage":0.0,"enemies":"2 Fungi Beasts","floor":14.0,"turns":2.0},{"damage":23.0,"enemies":"Slime Boss","floor":16.0,"turns":8.0},{"damage":7.0,"enemies":"Chosen","floor":18.0,"turns":3.0},{"damage":6.0,"enemies":"3 Byrds","floor":20.0,"turns":5.0},{"damage":40.0,"enemies":"Snake Plant","floor":22.0,"turns":4.0},{"damage":18.0,"enemies":"Chosen and Byrds","floor":24.0,"turns":4.0},{"damage":6.0,"enemies":"3 Cultists","floor":27.0,"turns":4.0},{"damage":23.0,"enemies":"Centurion and Healer","floor":28.0,"turns":4.0},{"damage":27.0,"enemies":"Slavers","floor":29.0,"turns":4.0},{"damage":6.0,"enemies":"Snecko","floor":30.0,"turns":2.0},{"damage":14.0,"enemies":"Book of Stabbing","floor":31.0,"turns":3.0},{"damage":31.0,"enemies":"Collector","floor":33.0,"turns":5.0},{"damage":11.0,"enemies":"3 Shapes","floor":35.0,"turns":8.0},{"damage":18.0,"enemies":"3 Darklings","floor":36.0,"turns":2.0},{"damage":7,"enemies":"Mind Bloom Boss Battle","floor":38,"turns":6},{"damage":28,"enemies":"Spire Growth","floor":41,"turns":5},{"damage":17,"enemies":"Giant Head","floor":42,"turns":7},{"damage":54,"enemies":"2 Orb Walkers","floor":44,"turns":4},{"damage":6,"enemies":"Reptomancer","floor":47,"turns":4},{"damage":71,"enemies":"Time Eater","floor":50,"turns":7}],"seed_played":"9090010131107353133","potions_obtained":[{"floor":3.0,"key":"AttackPotion"},{"floor":7.0,"key":"DuplicationPotion"},{"floor":11.0,"key":"LiquidBronze"},{"floor":11.0,"key":"SteroidPotion"},{"floor":12.0,"key":"ElixirPotion"},{"floor":13.0,"key":"Swift Potion"},{"floor":14.0,"key":"DuplicationPotion"}],"is_trial":false,"path_per_floor":["M","?","M","?","M","R","E","M","T","M","?","M","E","M","R","B",null,"M","$","M","$","M","R","M","R","T","M","M","E","M","E","R","B",null,"M","M","?","?","?","R","M","E","T","?","$","R","E","?","R","B",null],"character_chosen":"IRONCLAD","items_purchased":["Vajra","Dark Embrace","Self Forming Clay","Heavy Blade+1"],"campfire_rested":1,"item_purchase_floors":[21,45,45,45],"current_hp_per_floor":[74,74,68,57,54,54,35,28,28,11,11,16,10,30,30,27,63,64,64,66,66,46,46,48,48,48,50,47,40,54,48,48,37,66,71,75,71,70,70,70,49,52,52,30,30,51,81,81,81,28],"gold":79,"neow_bonus":"THREE_RARE_CARDS","is_prod":false,"is_daily":false,"chose_seed":false,"campfire_upgraded":7,"win_rate":0,"timestamp":1655862315,"path_taken":["M","?","M","?","M","R","E","M","T","M","?","M","E","M","R","BOSS","M","$","M","$","?","R","M","R","T","M","M","E","?","E","R","BOSS","M","M","?","?","?","R","M","E","T","?","$","R","E","?","R","BOSS"],"build_version":"2022-03-07","purchased_purges":3,"victory":true,"max_hp_per_floor":[75,75,75,75,75,75,75,75,75,75,75,75,75,75,75,75,75,75,75,75,75,75,75,75,75,75,75,75,75,75,75,75,75,75,75,75,71,71,71,71,71,71,71,71,71,71,81,81,81,81],"card_choices":[{"not_picked":["Corruption","Brutality"],"picked":"Limit Break","floor":0.0},{"not_picked":["Body Slam","Havoc"],"picked":"Twin Strike","floor":1.0},{"not_picked":["Clash","Sword Boomerang"],"picked":"Armaments","floor":3.0},{"not_picked":["Clash","Dark Embrace"],"picked":"Pummel","floor":5.0},{"not_picked":["Rampage","Headbutt"],"picked":"Corruption","floor":7.0},{"not_picked":["True Grit","Feel No Pain"],"picked":"Cleave","floor":8.0},{"not_picked":["Warcry","Rupture"],"picked":"Anger","floor":10.0},{"not_picked":["Havoc","Iron Wave"],"picked":"Offering","floor":12.0},{"not_picked":["Carnage","Warcry","Sever Soul"],"picked":"SKIP","floor":13.0},{"not_picked":["Clothesline","Evolve"],"picked":"True Grit","floor":14.0},{"not_picked":["Juggernaut","Double Tap"],"picked":"Fiend Fire","floor":16.0},{"not_picked":["Rage+1","Armaments"],"picked":"Spot Weakness","floor":18.0},{"not_picked":["Entrench","Warcry","Armaments"],"picked":"SKIP","floor":20.0},{"not_picked":["Cleave","Headbutt","Clothesline"],"picked":"SKIP","floor":22.0},{"not_picked":["Blood for Blood","Twin Strike"],"picked":"Pommel Strike","floor":24.0},{"not_picked":["Flame Barrier","Double Tap"],"picked":"Battle Trance","floor":27.0},{"not_picked":["Combust","Pommel Strike","Anger"],"picked":"SKIP","floor":28.0},{"not_picked":["Pommel Strike","Anger"],"picked":"Combust","floor":28.0},{"not_picked":["Anger","Burning Pact"],"picked":"Shockwave","floor":29.0},{"not_picked":["Second Wind","Clash"],"picked":"Whirlwind+1","floor":30.0},{"not_picked":["Body Slam+1","Flex","Iron Wave"],"picked":"SKIP","floor":31.0},{"not_picked":["Double Tap","Fiend Fire"],"picked":"Reaper","floor":33.0},{"not_picked":["True Grit","Pommel Strike","Fire Breathing"],"picked":"SKIP","floor":35.0},{"not_picked":["Sever Soul","Combust"],"picked":"Feel No Pain","floor":36.0},{"not_picked":["Bloodletting","Cleave+1"],"picked":"Shrug It Off","floor":38},{"not_picked":["Immolate","Pummel"],"picked":"Second Wind+1","floor":41},{"not_picked":["Impervious","Armaments"],"picked":"Inflame+1","floor":42},{"not_picked":["Sever Soul+1","Clash+1"],"picked":"Armaments+1","floor":44},{"not_picked":["Warcry","Fire Breathing"],"picked":"Headbutt+1","floor":47}],"player_experience":5150364,"relics_obtained":[{"floor":7.0,"key":"Blood Vial"},{"floor":9.0,"key":"StrikeDummy"},{"floor":13.0,"key":"Meat on the Bone"},{"floor":26.0,"key":"Matryoshka"},{"floor":29.0,"key":"The Courier"},{"floor":31.0,"key":"Nunchaku"},{"floor":38,"key":"Thread and Needle"},{"floor":42,"key":"Juzu Bracelet"},{"floor":42,"key":"MawBank"},{"floor":43,"key":"Molten Egg 2"},{"floor":43,"key":"Happy Flower"},{"floor":44,"key":"Prayer Wheel"},{"floor":47,"key":"Pear"},{"floor":47,"key":"Letter Opener"}],"event_choices":[{"damage_healed":0.0,"max_hp_gain":0.0,"max_hp_loss":0.0,"gold_gain":0.0,"event_name":"Living Wall","player_choice":"Grow","floor":2.0,"gold_loss":0.0,"damage_taken":0.0,"cards_upgraded":["Bash"]},{"damage_healed":0.0,"max_hp_gain":0.0,"max_hp_loss":0.0,"gold_gain":75.0,"event_name":"World of Goop","player_choice":"Gather Gold","floor":4.0,"gold_loss":0.0,"damage_taken":11.0},{"damage_healed":0.0,"max_hp_gain":0.0,"max_hp_loss":0.0,"gold_gain":0.0,"event_name":"Lab","player_choice":"Got Potions","floor":11.0,"gold_loss":0.0,"damage_taken":0.0},{"damage_healed":0.0,"max_hp_gain":0.0,"max_hp_loss":4.0,"gold_gain":0.0,"event_name":"Winding Halls","player_choice":"Max HP","floor":37.0,"gold_loss":0.0,"damage_taken":0.0},{"damage_healed":0,"gold_gain":0,"player_choice":"Fight","damage_taken":0,"max_hp_gain":0,"max_hp_loss":0,"event_name":"MindBloom","floor":38,"gold_loss":0},{"cards_removed":["Combust"],"damage_healed":0,"gold_gain":0,"player_choice":"Removed Power","damage_taken":0,"max_hp_gain":0,"max_hp_loss":0,"event_name":"Falling","floor":39,"gold_loss":0},{"damage_healed":0,"gold_gain":0,"player_choice":"Fight","damage_taken":0,"max_hp_gain":0,"max_hp_loss":0,"event_name":"Mysterious Sphere","floor":44,"gold_loss":0},{"damage_healed":0,"gold_gain":0,"player_choice":"Copied","damage_taken":0,"max_hp_gain":0,"max_hp_loss":0,"event_name":"Duplicator","floor":48,"gold_loss":0,"cards_obtained":["Limit Break"]}],"is_beta":false,"boss_relics":[{"not_picked":["Philosopher\u0027s Stone","Mark of Pain"],"picked":"Sozu"},{"not_picked":["Black Blood","Coffee Dripper"],"picked":"Black Star"}],"items_purged_floors":[19,21,45],"is_endless":false,"potions_floor_spawned":[3,7,12,13,14,20,24,28,30,31,36,47],"ascension_level":15}