{"gold_per_floor":[116,130,146,162,87,87,120,120,145,172,182,182,210,230,230,307,307,327,327,97,115,145,145,179,179,261,295,54,54,84,98,98,170,170,186,76,93,109,124,152,152,184,184,210,226,226,239,272,272,272],"floor_reached":51,"playtime":1874,"items_purged":["Strike_R","Strike_R"],"score":1485,"play_id":"a4f46ab1-fcd3-4ffb-8e20-342bd6becf6e","local_time":"20220803182355","is_ascension_mode":true,"campfire_choices":[{"data":"Combust","floor":6.0,"key":"SMITH"},{"data":"Rage","floor":8.0,"key":"SMITH"},{"data":"Shockwave","floor":15.0,"key":"SMITH"},{"data":"Whirlwind","floor":23.0,"key":"SMITH"},{"data":"Impervious","floor":25.0,"key":"SMITH"},{"data":"True Grit","floor":32.0,"key":"SMITH"},{"data":"Limit Break","floor":46.0,"key":"SMITH"},{"data":"Feel No Pain","floor":49,"key":"SMITH"}],"neow_cost":"NONE","seed_source_timestamp":0,"circlet_count":0,"master_deck":["AscendersBane","Strike_R","Strike_R","Defend_R","Defend_R","Defend_R","Defend_R","Bash","Whirlwind+1","Anger","Shockwave+1","Combust+1","Rage+1","Shrug It Off","Cleave","Shrug It Off","Reaper","Dropkick","Hemokinesis+1","Impervious+1","Thunderclap+1","True Grit+1","Inflame","Limit Break+1","Metallicize+1","Feel No Pain+1","Uppercut+1","Havoc+1","Seeing Red","Twin Strike+1","Warcry+1","Sword Boomerang+1"],"special_seed":0,"relics":["Burning Blood","Bag of Marbles","Akabeko","Bronze Scales","Orichalcum","PreservedInsect","Runic Pyramid","HandDrill","Red Mask","Red Skull","Letter Opener","Molten Egg 2","Centennial Puzzle","Cursed Key","Ginger","Lantern","Happy Flower"],"potions_floor_usage":[50,50],"damage_taken":[{"damage":7.0,"enemies":"Small Slimes","floor":1.0,"turns":3.0},{"damage":0.0,"enemies":"2 Louse","floor":2.0,"turns":2.0},{"damage":1.0,"enemies":"Cultist","floor":3.0,"turns":3.0},{"damage":11.0,"enemies":"Red Slaver","floor":4.0,"turns":3.0},{"damage":28.0,"enemies":"Lagavulin","floor":7.0,"turns":7.0},{"damage":7.0,"enemies":"Gremlin Nob","floor":10.0,"turns":3.0},{"damage":0.0,"enemies":"Blue Slaver","floor":11.0,"turns":1.0},{"damage":5.0,"enemies":"Lagavulin","floor":13.0,"turns":4.0},{"damage":0.0,"enemies":"Exordium Thugs","floor":14.0,"turns":2.0},{"damage":27.0,"enemies":"The Guardian","floor":16.0,"turns":10.0},{"damage":0.0,"enemies":"3 Byrds","floor":18.0,"turns":3.0},{"damage":22.0,"enemies":"2 Thieves","floor":21.0,"turns":5.0},{"damage":20.0,"enemies":"Masked Bandits","floor":22.0,"turns":3.0},{"damage":29.0,"enemies":"Gremlin Leader","floor":24.0,"turns":6.0},{"damage":4.0,"enemies":"Slavers","floor":27.0,"turns":4.0},{"damage":13.0,"enemies":"Book of Stabbing","floor":30.0,"turns":3.0},{"damage":13.0,"enemies":"Snake Plant","floor":31.0,"turns":1.0},{"damage":14.0,"enemies":"Collector","floor":33.0,"turns":11.0},{"damage":5.0,"enemies":"Orb Walker","floor":35.0,"turns":3.0},{"damage":2.0,"enemies":"3 Shapes","floor":37.0,"turns":2.0},{"damage":0.0,"enemies":"Jaw Worm Horde","floor":38.0,"turns":2.0},{"damage":11.0,"enemies":"Transient","floor":39.0,"turns":5.0},{"damage":0.0,"enemies":"Reptomancer","floor":40.0,"turns":4.0},{"damage":25.0,"enemies":"Giant Head","floor":42.0,"turns":7.0},{"damage":19.0,"enemies":"Reptomancer","floor":44.0,"turns":4.0},{"damage":4.0,"enemies":"Sphere and 2 Shapes","floor":45.0,"turns":4.0},{"damage":7.0,"enemies":"4 Shapes","floor":47.0,"turns":1.0},{"damage":30.0,"enemies":"Nemesis","floor":48.0,"turns":5.0},{"damage":18,"enemies":"Donu and Deca","floor":50,"turns":6}],"seed_played":"-427408990396210708","potions_obtained":[{"floor":1.0,"key":"Explosive Potion"},{"floor":3.0,"key":"FearPotion"},{"floor":10.0,"key":"DistilledChaos"},{"floor":16.0,"key":"SteroidPotion"},{"floor":24.0,"key":"Weak Potion"},{"floor":35.0,"key":"LiquidBronze"},{"floor":47.0,"key":"Strength Potion"}],"is_trial":false,"path_per_floor":["M","M","M","M","?","R","E","R","T","E","M","?","E","M","R","B",null,"M","?","$","M","?","R","E","R","T","E","$","?","E","M","R","B",null,"M","$","M","M","M","E","?","E","T","E","M","R","M","E","R","B",null],"character_chosen":"IRONCLAD","items_purchased":["HandDrill","True Grit","HeartOfIron","Feel No Pain","Uppercut+1"],"campfire_rested":0,"item_purchase_floors":[20,28,28,36,36],"current_hp_per_floor":[67,73,75,70,70,70,48,48,48,47,53,58,59,65,65,44,71,78,78,78,62,56,56,60,60,60,68,68,80,73,66,66,58,75,80,80,80,80,80,80,80,62,62,67,80,80,79,67,67,78],"gold":272,"neow_bonus":"RANDOM_COMMON_RELIC","is_prod":false,"is_daily":false,"chose_seed":false,"campfire_upgraded":8,"win_rate":0,"timestamp":1659576235,"path_taken":["M","M","M","M","?","R","E","R","T","E","M","?","E","M","R","BOSS","M","?","$","M","?","R","E","R","T","E","$","?","E","M","R","BOSS","M","?","M","M","?","E","?","E","T","E","M","R","M","E","R","BOSS"],"build_version":"2022-03-07","purchased_purges":2,"victory":true,"max_hp_per_floor":[75,75,75,75,75,75,75,75,75,75,75,80,80,80,80,80,80,80,80,80,80,80,80,80,80,80,80,80,80,80,80,80,80,80,80,80,80,80,80,80,80,80,80,80,80,80,80,80,80,80],"relic_stats":{"Centennial Puzzle":[33],"Happy Flower":[5],"counters":[29,117],"Bronze Scales":[273],"PreservedInsect":435,"HandDrill":[22],"Letter Opener":[96],"Ginger":[2],"Orichalcum":[132],"Cursed Key":0,"obtain_stats":[{"Lantern":42,"Happy Flower":44,"PreservedInsect":13,"Letter Opener":26,"Ginger":40,"Orichalcum":10,"Cursed Key":34,"Burning Blood":0,"Akabeko":7,"Centennial Puzzle":30,"Bronze Scales":9,"Molten Egg 2":27,"Bag of Marbles":0,"HandDrill":20,"Red Mask":22,"Red Skull":24,"Runic Pyramid":17},{"Lantern":24,"Happy Flower":25,"PreservedInsect":8,"Letter Opener":14,"Ginger":23,"Orichalcum":6,"Cursed Key":18,"Burning Blood":0,"Akabeko":5,"Centennial Puzzle":16,"Bronze Scales":5,"Molten Egg 2":15,"Bag of Marbles":0,"HandDrill":11,"Red Mask":13,"Red Skull":14,"Runic Pyramid":10},{"Lantern":97,"Happy Flower":101,"PreservedInsect":26,"Letter Opener":55,"Ginger":90,"Orichalcum":21,"Cursed Key":74,"Burning Blood":0,"Akabeko":18,"Centennial Puzzle":62,"Bronze Scales":18,"Molten Egg 2":59,"Bag of Marbles":0,"HandDrill":41,"Red Mask":49,"Red Skull":55,"Runic Pyramid":38}],"Burning Blood":143},"card_choices":[{"not_picked":["Pommel Strike","Perfected Strike"],"picked":"Whirlwind","floor":1.0},{"not_picked":["Cleave","Rupture"],"picked":"Anger","floor":2.0},{"not_picked":["Intimidate","Pommel Strike"],"picked":"Shockwave","floor":3.0},{"not_picked":["Armaments","Thunderclap"],"picked":"Combust","floor":4.0},{"not_picked":["Anger","Intimidate"],"picked":"Rage","floor":7.0},{"not_picked":["Entrench","Heavy Blade","Exhume"],"picked":"SKIP","floor":10.0},{"not_picked":["Headbutt","Clash"],"picked":"Shrug It Off","floor":11.0},{"not_picked":["Burning Pact","Clothesline"],"picked":"Cleave","floor":13.0},{"not_picked":["Whirlwind","Thunderclap"],"picked":"Shrug It Off","floor":14.0},{"not_picked":["Berserk","Double Tap"],"picked":"Reaper","floor":16.0},{"not_picked":["Rampage","Heavy Blade+1"],"picked":"Dropkick","floor":18.0},{"not_picked":["Wild Strike","Clothesline"],"picked":"Hemokinesis+1","floor":21.0},{"not_picked":["Perfected Strike","Anger"],"picked":"Impervious","floor":24.0},{"not_picked":["Iron Wave+1","Clothesline+1"],"picked":"Thunderclap+1","floor":27.0},{"not_picked":["True Grit","Clash+1","Immolate+1"],"picked":"SKIP","floor":30.0},{"not_picked":["True Grit","Headbutt+1"],"picked":"Inflame","floor":31.0},{"not_picked":["Juggernaut","Bludgeon+1"],"picked":"Limit Break","floor":33.0},{"not_picked":["Clothesline+1","Body Slam+1"],"picked":"Metallicize+1","floor":35.0},{"not_picked":["Perfected Strike+1","Rage+1"],"picked":"Havoc+1","floor":37.0},{"not_picked":["Perfected Strike+1","Wild Strike+1","Clash+1"],"picked":"SKIP","floor":38.0},{"not_picked":["Heavy Blade+1","Perfected Strike+1","Armaments"],"picked":"SKIP","floor":39.0},{"not_picked":["Headbutt+1","Whirlwind+1"],"picked":"Seeing Red","floor":40.0},{"not_picked":["Power Through+1","Twin Strike+1"],"picked":"Warcry+1","floor":42.0},{"not_picked":["Warcry","Headbutt+1","Intimidate"],"picked":"SKIP","floor":44.0},{"not_picked":["Berserk","Carnage+1","Wild Strike+1"],"picked":"SKIP","floor":45.0},{"not_picked":["Clothesline+1","Perfected Strike+1","Thunderclap+1"],"picked":"SKIP","floor":47.0},{"not_picked":["Pommel Strike+1","Shrug It Off"],"picked":"Sword Boomerang+1","floor":48.0}],"player_experience":5185114,"relics_obtained":[{"floor":7.0,"key":"Akabeko"},{"floor":9.0,"key":"Bronze Scales"},{"floor":10.0,"key":"Orichalcum"},{"floor":13.0,"key":"PreservedInsect"},{"floor":22.0,"key":"Red Mask"},{"floor":24.0,"key":"Red Skull"},{"floor":26.0,"key":"Letter Opener"},{"floor":27.0,"key":"Molten Egg 2"},{"floor":30.0,"key":"Centennial Puzzle"},{"floor":40.0,"key":"Ginger"},{"floor":42.0,"key":"Lantern"},{"floor":44.0,"key":"Happy Flower"}],"event_choices":[{"cards_removed":["Strike_R"],"damage_healed":0.0,"max_hp_gain":0.0,"max_hp_loss":0.0,"gold_gain":0.0,"event_name":"The Cleric","player_choice":"Card Removal","floor":5.0,"gold_loss":75.0,"damage_taken":0.0},{"damage_healed":0.0,"max_hp_gain":5.0,"max_hp_loss":0.0,"gold_gain":0.0,"event_name":"Big Fish","player_choice":"Donut","floor":12.0,"gold_loss":0.0,"damage_taken":0.0},{"damage_healed":0.0,"max_hp_gain":0.0,"max_hp_loss":0.0,"gold_gain":0.0,"event_name":"Vampires","player_choice":"Ignored","floor":19.0,"gold_loss":0.0,"damage_taken":0.0},{"damage_healed":0.0,"max_hp_gain":0.0,"max_hp_loss":0.0,"gold_gain":0.0,"event_name":"Masked Bandits","player_choice":"Fought Bandits","floor":22.0,"gold_loss":0.0,"damage_taken":0.0},{"damage_healed":12.0,"max_hp_gain":0.0,"max_hp_loss":0.0,"gold_gain":0.0,"event_name":"Wheel of Change","player_choice":"Full Heal","floor":29.0,"gold_loss":0.0,"damage_taken":0.0},{"damage_healed":0.0,"max_hp_gain":0.0,"max_hp_loss":0.0,"gold_gain":0.0,"event_name":"Match and Keep!","player_choice":"1 cards matched","floor":41.0,"gold_loss":0.0,"damage_taken":0.0,"cards_obtained":["Twin Strike"]}],"is_beta":false,"boss_relics":[{"not_picked":["Velvet Choker","SlaversCollar"],"picked":"Runic Pyramid"},{"not_picked":["Calling Bell","Snecko Eye"],"picked":"Cursed Key"}],"items_purged_floors":[20,28],"is_endless":false,"potions_floor_spawned":[1,3,4,10,16,21,24,30,35,39,47,48],"ascension_level":15}