{"gold_per_floor":[114,127,127,138,158,158,189,39,39,39,39,68,82,111,111,190,190,210,210,224,241,255,255,282,293,293,293,307,321,113,139,139,210,210,229,229,26,44,69,100,111,111,111,111,145,145,179,190,190,190],"floor_reached":51,"playtime":2393,"items_purged":["Strike_R","Strike_R","Strike_R"],"score":1470,"play_id":"4021109f-4203-491e-afe7-b035d82f6f6c","local_time":"20220801122349","is_ascension_mode":true,"campfire_choices":[{"data":"Bash","floor":6.0,"key":"SMITH"},{"data":"Fiend Fire","floor":11.0,"key":"SMITH"},{"data":"Dark Embrace","floor":15.0,"key":"SMITH"},{"data":"Shockwave","floor":23.0,"key":"SMITH"},{"data":"Exhume","floor":27.0,"key":"SMITH"},{"data":"Pommel Strike","floor":32.0,"key":"SMITH"},{"data":"Feel No Pain","floor":42,"key":"SMITH"},{"data":"Feel No Pain","floor":46,"key":"SMITH"},{"floor":49,"key":"DIG"}],"neow_cost":"TEN_PERCENT_HP_LOSS","seed_source_timestamp":0,"circlet_count":0,"master_deck":["AscendersBane","Strike_R","Strike_R","Defend_R","Defend_R","Defend_R","Defend_R","Bash+1","Fiend Fire+1","Ghostly Armor","Cleave","Anger","Inflame","Exhume+1","Dark Embrace+1","Shockwave+1","Reaper","CurseOfTheBell","Spot Weakness+1","Ghostly Armor+1","Flex+1","Havoc+1","Armaments+1","Bloodletting+1","Pommel Strike+1","Bloodletting+1","Battle Trance+1","Metallicize","Shrug It Off+1","Offering+1","Havoc+1","Disarm+1","Feel No Pain+1","Warcry+1","Disarm+1","Feel No Pain+1","Regret","Flame Barrier+1","Seeing Red+1"],"special_seed":0,"relics":["Burning Blood","Nunchaku","Blood Vial","Eternal Feather","Lantern","Calling Bell","MealTicket","Toxic Egg 2","TungstenRod","Bottled Tornado","Gambling Chip","Strawberry","Cursed Key","Shovel","Orichalcum","Oddly Smooth Stone","Akabeko","Bag of Marbles","Mercury Hourglass"],"potions_floor_usage":[45,50,50],"damage_taken":[{"damage":1.0,"enemies":"Cultist","floor":1.0,"turns":4.0},{"damage":6.0,"enemies":"2 Louse","floor":2.0,"turns":3.0},{"damage":5.0,"enemies":"Small Slimes","floor":4.0,"turns":3.0},{"damage":6.0,"enemies":"2 Fungi Beasts","floor":5.0,"turns":2.0},{"damage":8.0,"enemies":"Gremlin Nob","floor":7.0,"turns":3.0},{"damage":25.0,"enemies":"3 Sentries","floor":12.0,"turns":4.0},{"damage":8.0,"enemies":"Blue Slaver","floor":13.0,"turns":3.0},{"damage":30.0,"enemies":"Gremlin Nob","floor":14.0,"turns":4.0},{"damage":23.0,"enemies":"Slime Boss","floor":16.0,"turns":5.0},{"damage":19.0,"enemies":"2 Thieves","floor":18.0,"turns":3.0},{"damage":30.0,"enemies":"Shell Parasite","floor":20.0,"turns":7.0},{"damage":19.0,"enemies":"Snecko","floor":21.0,"turns":5.0},{"damage":19.0,"enemies":"Cultist and Chosen","floor":22.0,"turns":6.0},{"damage":44.0,"enemies":"Gremlin Leader","floor":24.0,"turns":7.0},{"damage":10.0,"enemies":"Chosen and Byrds","floor":25.0,"turns":7.0},{"damage":33.0,"enemies":"3 Cultists","floor":28.0,"turns":6.0},{"damage":0.0,"enemies":"Snake Plant","floor":29.0,"turns":3.0},{"damage":35.0,"enemies":"Book of Stabbing","floor":31.0,"turns":6.0},{"damage":45.0,"enemies":"Champ","floor":33.0,"turns":13.0},{"damage":23.0,"enemies":"3 Shapes","floor":35.0,"turns":5.0},{"damage":7,"enemies":"3 Darklings","floor":38,"turns":4},{"damage":7,"enemies":"Mind Bloom Boss Battle","floor":39,"turns":3},{"damage":5,"enemies":"Nemesis","floor":40,"turns":3},{"damage":22,"enemies":"4 Shapes","floor":41,"turns":3},{"damage":38,"enemies":"Reptomancer","floor":45,"turns":4},{"damage":9,"enemies":"Giant Head","floor":47,"turns":5},{"damage":10,"enemies":"Sphere and 2 Shapes","floor":48,"turns":3},{"damage":54,"enemies":"Donu and Deca","floor":50,"turns":10}],"seed_played":"817158276595183176","potions_obtained":[{"floor":2.0,"key":"Dexterity Potion"},{"floor":3.0,"key":"Dexterity Potion"},{"floor":4.0,"key":"Fire Potion"},{"floor":12.0,"key":"LiquidBronze"},{"floor":14.0,"key":"CultistPotion"},{"floor":16.0,"key":"Block Potion"},{"floor":21.0,"key":"Energy Potion"},{"floor":22.0,"key":"AttackPotion"},{"floor":29.0,"key":"Swift Potion"},{"floor":31.0,"key":"Regen Potion"},{"floor":33.0,"key":"AttackPotion"},{"floor":38,"key":"BlessingOfTheForge"},{"floor":45,"key":"Regen Potion"}],"is_trial":false,"path_per_floor":["M","M","?","M","M","R","E","$","T","$","R","E","M","E","R","B",null,"M","?","M","M","M","R","E","M","T","R","M","M","$","E","R","B",null,"M","?","$","M","?","E","M","R","T","?","E","R","E","M","R","B",null],"character_chosen":"IRONCLAD","items_purchased":["Inflame","Battle Trance+1","Metallicize","Disarm+1"],"campfire_rested":0,"item_purchase_floors":[8,30,30,37],"current_hp_per_floor":[68,68,68,68,68,68,66,66,66,66,66,49,49,27,36,21,56,53,53,52,47,68,68,30,36,36,51,68,68,68,46,64,42,67,63,63,75,75,75,75,71,75,75,75,66,75,75,75,75,61],"gold":190,"neow_bonus":"THREE_RARE_CARDS","is_prod":false,"is_daily":false,"chose_seed":false,"campfire_upgraded":8,"win_rate":0,"timestamp":1659381829,"path_taken":["M","?","?","M","M","R","E","$","T","?","R","E","M","E","R","BOSS","M","?","M","M","M","R","E","M","T","R","M","M","$","E","R","BOSS","M","?","$","M","?","E","M","R","T","?","E","R","E","M","R","BOSS"],"build_version":"2022-03-07","purchased_purges":3,"victory":true,"max_hp_per_floor":[68,68,68,68,68,68,68,68,68,68,68,68,68,68,68,68,68,68,68,68,68,68,68,68,68,68,68,68,68,68,75,75,75,75,75,75,75,75,75,75,75,75,75,75,75,75,75,75,75,75],"relic_stats":{"counters":[28,134],"Eternal Feather":55,"Bottled Tornado":"Dark Embrace","Orichalcum":[6],"Cursed Key":1,"Burning Blood":123,"Mercury Hourglass":[27],"Blood Vial":24,"Nunchaku":[19],"Shovel":1,"Gambling Chip":[28],"MealTicket":12,"obtain_stats":[{"Lantern":14,"Oddly Smooth Stone":43,"Eternal Feather":12,"Bottled Tornado":24,"Orichalcum":40,"Cursed Key":34,"Burning Blood":0,"Akabeko":45,"Mercury Hourglass":49,"Blood Vial":9,"Calling Bell":17,"Nunchaku":7,"Shovel":39,"Gambling Chip":26,"Strawberry":31,"MealTicket":17,"Bag of Marbles":47,"Toxic Egg 2":17,"TungstenRod":17},{"Lantern":8,"Oddly Smooth Stone":24,"Eternal Feather":6,"Bottled Tornado":14,"Orichalcum":23,"Cursed Key":19,"Burning Blood":0,"Akabeko":25,"Mercury Hourglass":27,"Blood Vial":5,"Calling Bell":9,"Nunchaku":5,"Shovel":22,"Gambling Chip":15,"Strawberry":18,"MealTicket":9,"Bag of Marbles":26,"Toxic Egg 2":9,"TungstenRod":9},{"Lantern":26,"Oddly Smooth Stone":112,"Eternal Feather":19,"Bottled Tornado":59,"Orichalcum":109,"Cursed Key":94,"Burning Blood":0,"Akabeko":116,"Mercury Hourglass":124,"Blood Vial":15,"Calling Bell":31,"Nunchaku":15,"Shovel":106,"Gambling Chip":66,"Strawberry":81,"MealTicket":31,"Bag of Marbles":121,"Toxic Egg 2":31,"TungstenRod":31}],"TungstenRod":99},"card_choices":[{"not_picked":["Exhume","Berserk"],"picked":"Fiend Fire","floor":0.0},{"not_picked":["Pommel Strike","Uppercut"],"picked":"Ghostly Armor","floor":1.0},{"not_picked":["Entrench","Rage"],"picked":"Cleave","floor":2.0},{"not_picked":["Infernal Blade","Entrench"],"picked":"Cleave","floor":4.0},{"not_picked":["Clash","Combust"],"picked":"Anger","floor":5.0},{"not_picked":["Ghostly Armor","Burning Pact","Searing Blow"],"picked":"SKIP","floor":7.0},{"not_picked":["Pommel Strike","Burning Pact"],"picked":"Exhume","floor":12.0},{"not_picked":["Warcry","Flex"],"picked":"Dark Embrace","floor":13.0},{"not_picked":["Intimidate","Body Slam"],"picked":"Shockwave","floor":14.0},{"not_picked":["Exhume","Fiend Fire"],"picked":"Reaper","floor":16.0},{"not_picked":["Cleave","Sword Boomerang","Thunderclap"],"picked":"SKIP","floor":18.0},{"not_picked":["Headbutt","Perfected Strike"],"picked":"Ghostly Armor+1","floor":20.0},{"not_picked":["Clothesline","Heavy Blade"],"picked":"Flex+1","floor":21.0},{"not_picked":["Heavy Blade","True Grit+1"],"picked":"Havoc+1","floor":22.0},{"not_picked":["Evolve","Entrench+1"],"picked":"Armaments+1","floor":24.0},{"not_picked":["Exhume+1","Rage+1"],"picked":"Bloodletting+1","floor":25.0},{"not_picked":["Blood for Blood","Armaments+1"],"picked":"Pommel Strike","floor":28.0},{"not_picked":["Inflame","Twin Strike"],"picked":"Bloodletting+1","floor":29.0},{"not_picked":["Rupture","Hemokinesis"],"picked":"Shrug It Off+1","floor":31.0},{"not_picked":["Feed","Limit Break+1"],"picked":"Offering+1","floor":33.0},{"not_picked":["Uppercut","Reckless Charge"],"picked":"Havoc+1","floor":35.0},{"not_picked":["Rage+1","Warcry+1"],"picked":"Feel No Pain","floor":38},{"not_picked":["Fire Breathing+1","Clash"],"picked":"Warcry+1","floor":39},{"not_picked":["Pommel Strike+1","Heavy Blade+1"],"picked":"Disarm+1","floor":40},{"not_picked":["Iron Wave","Perfected Strike"],"picked":"Feel No Pain","floor":41},{"not_picked":["Reckless Charge","Heavy Blade"],"picked":"Flame Barrier+1","floor":45},{"not_picked":["Warcry+1","Shrug It Off+1"],"picked":"Seeing Red+1","floor":47},{"not_picked":["Perfected Strike+1","Bludgeon","Clash"],"picked":"SKIP","floor":48}],"player_experience":5169590,"relics_obtained":[{"floor":7.0,"key":"Nunchaku"},{"floor":9.0,"key":"Blood Vial"},{"floor":12.0,"key":"Eternal Feather"},{"floor":14.0,"key":"Lantern"},{"floor":17.0,"key":"MealTicket"},{"floor":17.0,"key":"Toxic Egg 2"},{"floor":17.0,"key":"TungstenRod"},{"floor":24.0,"key":"Bottled Tornado"},{"floor":26.0,"key":"Gambling Chip"},{"floor":31.0,"key":"Strawberry"},{"floor":39,"key":"Shovel"},{"floor":40,"key":"Orichalcum"},{"floor":43,"key":"Oddly Smooth Stone"},{"floor":45,"key":"Akabeko"},{"floor":47,"key":"Bag of Marbles"},{"floor":49,"key":"Mercury Hourglass"}],"event_choices":[{"damage_healed":0.0,"max_hp_gain":0.0,"max_hp_loss":0.0,"gold_gain":0.0,"event_name":"Lab","player_choice":"Got Potions","floor":3.0,"gold_loss":0.0,"damage_taken":0.0},{"damage_healed":0.0,"max_hp_gain":0.0,"max_hp_loss":0.0,"gold_gain":0.0,"event_name":"The Library","player_choice":"Read","floor":19.0,"gold_loss":0.0,"damage_taken":0.0,"cards_obtained":["Spot Weakness"]},{"damage_healed":0.0,"max_hp_gain":0.0,"max_hp_loss":0.0,"gold_gain":0.0,"event_name":"Tomb of Lord Red Mask","player_choice":"Ignored","floor":36.0,"gold_loss":0.0,"damage_taken":0.0},{"damage_healed":0,"gold_gain":0,"player_choice":"Fight","damage_taken":0,"max_hp_gain":0,"max_hp_loss":0,"event_name":"MindBloom","floor":39,"gold_loss":0},{"cards_removed":["Cleave"],"damage_healed":0,"gold_gain":0,"player_choice":"Removed Attack","damage_taken":0,"max_hp_gain":0,"max_hp_loss":0,"event_name":"Falling","floor":44,"gold_loss":0}],"is_beta":false,"boss_relics":[{"not_picked":["SacredBark","Busted Crown"],"picked":"Calling Bell"},{"not_picked":["Runic Cube","Black Star"],"picked":"Cursed Key"}],"items_purged_floors":[8,30,37],"is_endless":false,"potions_floor_spawned":[2,4,12,14,16,21,22,29,31,33,38,39,45,48],"ascension_level":15}