{"gold_per_floor":[361,375,375,394,394,394,428,190,190,190,218,235,260,274,274,349,349,366,379,379,379,122,122,151,8,34,66,82,82,35,47,47,125,125,144,19,44,58,74,102,117,152,178,178,197,223,223,1,1,1],"floor_reached":51,"playtime":2125,"items_purged":["Strike_R","Strike_R+1","Strike_R+1","Strike_R+1"],"score":1650,"play_id":"eb763438-6abf-44e9-b80d-015aeaf431d6","local_time":"20220802155131","is_ascension_mode":true,"campfire_choices":[{"data":"Uppercut","floor":6,"key":"SMITH"},{"data":"Spot Weakness","floor":10,"key":"SMITH"},{"data":"Inflame","floor":15,"key":"SMITH"},{"data":"Combust","floor":23,"key":"SMITH"},{"data":"Offering","floor":29,"key":"SMITH"},{"data":"Sword Boomerang","floor":32,"key":"SMITH"},{"floor":49,"key":"RECALL"}],"neow_cost":"PERCENT_DAMAGE","seed_source_timestamp":104242538694400,"circlet_count":0,"master_deck":["AscendersBane","Strike_R+1","Defend_R+1","Defend_R+1","Defend_R+1","Defend_R+1","Bash","Twin Strike","Uppercut+1","Spot Weakness+1","Battle Trance","Flame Barrier","Pummel","Shrug It Off","Inflame+1","Metallicize","Feed","Iron Wave","Combust+1","Seeing Red","Offering+1","Sword Boomerang+1","Ghostly Armor","Impervious","Havoc+1","Anger","Dark Embrace","Fiend Fire","Sever Soul+1","Rage","Brutality"],"relics":["Burning Blood","Incense Burner","MealTicket","Calipers","Mercury Hourglass","TungstenRod","Black Star","Red Skull","Darkstone Periapt","Kunai","Akabeko","Toy Ornithopter","Shuriken","White Beast Statue","Fusion Hammer","Dead Branch","Pocketwatch","Smiling Mask","Eternal Feather","Boot","Omamori","Regal Pillow","Question Card"],"potions_floor_usage":[13,18,33,33,39,41,42,46,50],"damage_taken":[{"damage":6,"enemies":"Cultist","floor":1,"turns":4},{"damage":6,"enemies":"2 Louse","floor":2,"turns":4},{"damage":13,"enemies":"Small Slimes","floor":4,"turns":4},{"damage":13,"enemies":"Gremlin Nob","floor":7,"turns":4},{"damage":16,"enemies":"Lagavulin","floor":11,"turns":7},{"damage":6,"enemies":"Blue Slaver","floor":12,"turns":5},{"damage":15,"enemies":"Gremlin Nob","floor":13,"turns":3},{"damage":0,"enemies":"Exordium Wildlife","floor":14,"turns":4},{"damage":0,"enemies":"Slime Boss","floor":16,"turns":6},{"damage":15,"enemies":"2 Thieves","floor":18,"turns":5},{"damage":10,"enemies":"Spheric Guardian","floor":19,"turns":3},{"damage":47,"enemies":"Gremlin Leader","floor":24,"turns":6},{"damage":7,"enemies":"Slavers","floor":27,"turns":6},{"damage":2,"enemies":"3 Cultists","floor":28,"turns":5},{"damage":13,"enemies":"Snake Plant","floor":31,"turns":4},{"damage":38,"enemies":"Champ","floor":33,"turns":9},{"damage":0,"enemies":"Orb Walker","floor":35,"turns":2},{"damage":0,"enemies":"Mind Bloom Boss Battle","floor":37,"turns":7},{"damage":6,"enemies":"3 Darklings","floor":38,"turns":5},{"damage":5,"enemies":"Jaw Worm Horde","floor":39,"turns":3},{"damage":21,"enemies":"Giant Head","floor":40,"turns":7},{"damage":5,"enemies":"Transient","floor":41,"turns":5},{"damage":24,"enemies":"Nemesis","floor":42,"turns":5},{"damage":11,"enemies":"Writhing Mass","floor":45,"turns":3},{"damage":5,"enemies":"Reptomancer","floor":46,"turns":3},{"damage":16,"enemies":"Time Eater","floor":50,"turns":6}],"seed_played":"8519252095295739624","potions_obtained":[{"floor":11,"key":"SteroidPotion"},{"floor":13,"key":"Explosive Potion"},{"floor":19,"key":"SpeedPotion"},{"floor":28,"key":"Regen Potion"},{"floor":33,"key":"SteroidPotion"},{"floor":35,"key":"PowerPotion"},{"floor":39,"key":"Ancient Potion"},{"floor":40,"key":"DuplicationPotion"},{"floor":41,"key":"DuplicationPotion"},{"floor":42,"key":"AttackPotion"},{"floor":46,"key":"FearPotion"}],"is_trial":false,"path_per_floor":["M","M","T","M","?","R","E","$","T","R","E","M","E","M","R","B",null,"M","M","?","?","$","R","E","$","T","E","M","R","$","M","R","B",null,"M","$","?","M","M","E","M","E","T","$","M","E","?","$","R","B",null],"character_chosen":"IRONCLAD","items_purchased":["Battle Trance","Fire Potion","Flame Barrier","Red Skull","Akabeko","Sword Boomerang","HeartOfIron","Brutality"],"campfire_rested":0,"item_purchase_floors":[8,8,8,22,25,30,48,48],"current_hp_per_floor":[50,50,50,43,48,48,41,56,56,56,46,46,37,43,43,49,72,63,59,59,59,74,74,33,48,48,50,57,57,72,65,65,61,82,88,89,89,92,95,80,86,73,73,88,83,92,98,98,98,88],"gold":1,"neow_bonus":"TWO_FIFTY_GOLD","is_prod":false,"is_daily":false,"chose_seed":false,"campfire_upgraded":6,"win_rate":0,"timestamp":1659480691,"path_taken":["M","M","?","M","?","R","E","$","T","R","E","M","E","M","R","BOSS","M","M","?","?","$","R","E","?","T","E","M","R","$","M","R","BOSS","M","?","?","M","M","E","M","E","T","$","M","E","?","$","R","BOSS"],"build_version":"2022-03-07","purchased_purges":4,"victory":true,"max_hp_per_floor":[75,75,75,75,80,80,80,80,80,80,80,80,80,80,80,80,80,80,80,80,80,80,80,80,80,80,83,86,86,86,86,86,89,89,89,89,89,92,95,95,95,95,95,95,95,98,98,98,98,98],"relic_stats":{"Darkstone Periapt":0,"Regal Pillow":0,"Calipers":[100],"counters":[26,124],"Dead Branch":[132],"Eternal Feather":0,"Omamori":1,"Smiling Mask":100,"Boot":[5],"Question Card":0,"Burning Blood":144,"White Beast Statue":[0.0,0.023354880000000015,0.0,0.25910118400000015,0.0,0.49384089600000036,0.0,0.20870400000000014,0.0,0.014999040000000009,0.0,5.323108864000002],"Mercury Hourglass":[352],"Shuriken":[20],"MealTicket":76,"Black Star":5,"Kunai":[20],"obtain_stats":[{"Darkstone Periapt":24,"Regal Pillow":46,"Calipers":9,"Dead Branch":37,"Eternal Feather":42,"Incense Burner":3,"Omamori":43,"Smiling Mask":40,"Boot":42,"Question Card":46,"Burning Blood":0,"Akabeko":25,"White Beast Statue":27,"Mercury Hourglass":11,"Shuriken":27,"MealTicket":7,"Fusion Hammer":34,"Black Star":17,"Kunai":24,"TungstenRod":13,"Red Skull":22,"Toy Ornithopter":26,"Pocketwatch":40},{"Darkstone Periapt":12,"Regal Pillow":25,"Calipers":4,"Dead Branch":18,"Eternal Feather":23,"Incense Burner":2,"Omamori":23,"Smiling Mask":21,"Boot":23,"Question Card":25,"Burning Blood":0,"Akabeko":12,"White Beast Statue":13,"Mercury Hourglass":5,"Shuriken":13,"MealTicket":4,"Fusion Hammer":16,"Black Star":9,"Kunai":12,"TungstenRod":7,"Red Skull":11,"Toy Ornithopter":12,"Pocketwatch":21},{"Darkstone Periapt":54,"Regal Pillow":118,"Calipers":16,"Dead Branch":87,"Eternal Feather":112,"Incense Burner":8,"Omamori":112,"Smiling Mask":102,"Boot":112,"Question Card":118,"Burning Blood":0,"Akabeko":54,"White Beast Statue":60,"Mercury Hourglass":23,"Shuriken":60,"MealTicket":16,"Fusion Hammer":78,"Black Star":40,"Kunai":54,"TungstenRod":30,"Red Skull":48,"Toy Ornithopter":54,"Pocketwatch":102}],"TungstenRod":78,"Toy Ornithopter":30,"Pocketwatch":[15]},"card_choices":[{"not_picked":["Havoc","Clash","Disarm"],"picked":"SKIP","floor":1},{"not_picked":["Warcry","Flame Barrier"],"picked":"Twin Strike","floor":2},{"not_picked":["Clash","Iron Wave"],"picked":"Uppercut","floor":4},{"not_picked":["Rage","Cleave"],"picked":"Spot Weakness","floor":7},{"not_picked":["Wild Strike","Uppercut"],"picked":"Pummel","floor":11},{"not_picked":["Searing Blow","Intimidate"],"picked":"Shrug It Off","floor":12},{"not_picked":["Headbutt","Second Wind"],"picked":"Inflame","floor":13},{"not_picked":["Sword Boomerang","Havoc"],"picked":"Metallicize","floor":14},{"not_picked":["Juggernaut","Double Tap"],"picked":"Feed","floor":16},{"not_picked":["Perfected Strike","Ghostly Armor"],"picked":"Iron Wave","floor":18},{"not_picked":["Intimidate","Body Slam+1"],"picked":"Combust","floor":19},{"not_picked":["Blood for Blood","Wild Strike","Perfected Strike"],"picked":"SKIP","floor":24},{"not_picked":["Uppercut","Perfected Strike"],"picked":"Seeing Red","floor":27},{"not_picked":["Perfected Strike","Metallicize"],"picked":"Offering","floor":28},{"not_picked":["Pommel Strike","Armaments"],"picked":"Ghostly Armor","floor":31},{"not_picked":["Feed","Exhume"],"picked":"Impervious","floor":33},{"not_picked":["Havoc","Shrug It Off","Reckless Charge"],"picked":"SKIP","floor":35},{"not_picked":["Power Through","Headbutt+1"],"picked":"Havoc+1","floor":37},{"not_picked":["Cleave","Dark Embrace"],"picked":"Anger","floor":38},{"not_picked":["Sword Boomerang","Havoc"],"picked":"Dark Embrace","floor":39},{"not_picked":["Burning Pact","Thunderclap","Headbutt"],"picked":"SKIP","floor":40},{"not_picked":["True Grit","Cleave"],"picked":"Fiend Fire","floor":41},{"not_picked":["Clothesline+1","Carnage"],"picked":"Sever Soul+1","floor":42},{"not_picked":["Wild Strike","Havoc","Body Slam"],"picked":"SKIP","floor":45},{"not_picked":["Body Slam","Twin Strike+1"],"picked":"Rage","floor":46}],"player_experience":5176232,"relics_obtained":[{"floor":3,"key":"Incense Burner"},{"floor":7,"key":"MealTicket"},{"floor":9,"key":"Calipers"},{"floor":11,"key":"Mercury Hourglass"},{"floor":13,"key":"TungstenRod"},{"floor":24,"key":"Darkstone Periapt"},{"floor":24,"key":"Kunai"},{"floor":26,"key":"Toy Ornithopter"},{"floor":27,"key":"Shuriken"},{"floor":27,"key":"White Beast Statue"},{"floor":37,"key":"Dead Branch"},{"floor":40,"key":"Pocketwatch"},{"floor":40,"key":"Smiling Mask"},{"floor":42,"key":"Eternal Feather"},{"floor":42,"key":"Boot"},{"floor":43,"key":"Omamori"},{"floor":46,"key":"Regal Pillow"},{"floor":46,"key":"Question Card"}],"event_choices":[{"damage_healed":0,"gold_gain":0,"player_choice":"Donut","damage_taken":0,"max_hp_gain":5,"max_hp_loss":0,"event_name":"Big Fish","floor":5,"gold_loss":0},{"damage_healed":0,"gold_gain":0,"player_choice":"Simplicity","damage_taken":0,"max_hp_gain":0,"max_hp_loss":0,"event_name":"Back to Basics","floor":20,"gold_loss":0,"cards_upgraded":["Strike_R","Strike_R","Strike_R","Strike_R","Defend_R","Defend_R","Defend_R","Defend_R"]},{"damage_healed":0,"gold_gain":0,"player_choice":"Ignored","damage_taken":0,"max_hp_gain":0,"max_hp_loss":0,"event_name":"The Mausoleum","floor":21,"gold_loss":0},{"damage_healed":0,"gold_gain":0,"player_choice":"Fight","damage_taken":0,"max_hp_gain":0,"max_hp_loss":0,"event_name":"MindBloom","floor":37,"gold_loss":0},{"damage_healed":20,"gold_gain":0,"player_choice":"Writhe","damage_taken":0,"max_hp_gain":0,"max_hp_loss":0,"event_name":"Winding Halls","floor":47,"gold_loss":0,"cards_obtained":["Writhe"]}],"is_beta":false,"boss_relics":[{"not_picked":["Busted Crown","Empty Cage"],"picked":"Black Star"},{"not_picked":["Velvet Choker","Runic Pyramid"],"picked":"Fusion Hammer"}],"items_purged_floors":[8,22,36,48],"is_endless":false,"potions_floor_spawned":[11,12,13,16,19,24,28,31,33,35,37,38,39,40,41,42,45,46],"ascension_level":15}