{"gold_per_floor":[114,130,130,190,205,233,233,268,268,268,280,280,292,326,326,400,400,418,418,144,69,69,69,69,97,97,97,130,161,186,200,200,278,278,296,29,29,41,58,90,90,108,108,67,92,120,131,150,150,150],"floor_reached":51,"playtime":2059,"items_purged":["Bite"],"score":1433,"play_id":"6102771c-3c92-4d17-a7db-f5bcb98a0b34","local_time":"20220818164044","is_ascension_mode":true,"campfire_choices":[{"data":"Shockwave","floor":7.0,"key":"SMITH"},{"data":"Juggernaut","floor":10.0,"key":"SMITH"},{"floor":15.0,"key":"REST"},{"data":"Whirlwind","floor":23.0,"key":"SMITH"},{"data":"True Grit","floor":27.0,"key":"SMITH"},{"floor":32,"key":"REST"},{"data":"Apotheosis","floor":41,"key":"SMITH"},{"data":"Metallicize","floor":49,"key":"SMITH"}],"neow_cost":"NONE","seed_source_timestamp":113260154213200,"circlet_count":0,"master_deck":["AscendersBane","Defend_R","Defend_R","Defend_R","Defend_R","Wild Strike","Juggernaut+1","Shockwave+1","Spot Weakness","Offering","True Grit+1","Anger","Whirlwind+1","Shrug It Off","Demon Form","Iron Wave","Bite","Bite","Bite","Bite","Havoc","Power Through","Impervious","Feed","Shrug It Off","Apotheosis+1","Flame Barrier","Pommel Strike","Shrug It Off+1","Ghostly Armor","Metallicize+1","Second Wind+1","Corruption"],"special_seed":0,"relics":["Burning Blood","Dream Catcher","Bottled Tornado","Bag of Marbles","Happy Flower","Philosopher\u0027s Stone","Red Skull","Nilry\u0027s Codex","Lantern","WingedGreaves","Oddly Smooth Stone","Strawberry","Pen Nib","SacredBark","Pantograph","Calipers","Toxic Egg 2","Incense Burner","Letter Opener"],"potions_floor_usage":[31,46,50],"damage_taken":[{"damage":4.0,"enemies":"Small Slimes","floor":1.0,"turns":4.0},{"damage":0.0,"enemies":"2 Louse","floor":2.0,"turns":3.0},{"damage":6.0,"enemies":"Cultist","floor":5.0,"turns":3.0},{"damage":24.0,"enemies":"Gremlin Nob","floor":6.0,"turns":4.0},{"damage":30.0,"enemies":"3 Sentries","floor":8.0,"turns":7.0},{"damage":14.0,"enemies":"Large Slime","floor":11.0,"turns":7.0},{"damage":7.0,"enemies":"Looter","floor":13.0,"turns":4.0},{"damage":22.0,"enemies":"Gremlin Nob","floor":14.0,"turns":3.0},{"damage":24.0,"enemies":"Hexaghost","floor":16.0,"turns":9.0},{"damage":23.0,"enemies":"Shell Parasite","floor":18.0,"turns":6.0},{"damage":8.0,"enemies":"Slavers","floor":25.0,"turns":2.0},{"damage":21.0,"enemies":"Book of Stabbing","floor":28.0,"turns":4.0},{"damage":6.0,"enemies":"Gremlin Leader","floor":29.0,"turns":5.0},{"damage":29,"enemies":"Slavers","floor":30,"turns":3},{"damage":6,"enemies":"Spheric Guardian","floor":31,"turns":2},{"damage":41,"enemies":"Collector","floor":33,"turns":8},{"damage":3,"enemies":"3 Shapes","floor":35,"turns":6},{"damage":6,"enemies":"Orb Walker","floor":38,"turns":4},{"damage":6,"enemies":"Spire Growth","floor":39,"turns":5},{"damage":7,"enemies":"Nemesis","floor":40,"turns":9},{"damage":6,"enemies":"Sphere and 2 Shapes","floor":42,"turns":3},{"damage":0,"enemies":"Mind Bloom Boss Battle","floor":45,"turns":7},{"damage":22,"enemies":"Reptomancer","floor":46,"turns":8},{"damage":17,"enemies":"Transient","floor":47,"turns":5},{"damage":6,"enemies":"Writhing Mass","floor":48,"turns":6},{"damage":21,"enemies":"Donu and Deca","floor":50,"turns":7}],"seed_played":"5482667203563425015","potions_obtained":[{"floor":0.0,"key":"Energy Potion"},{"floor":0.0,"key":"Explosive Potion"},{"floor":1.0,"key":"Ancient Potion"},{"floor":2.0,"key":"Explosive Potion"},{"floor":6.0,"key":"Strength Potion"},{"floor":16.0,"key":"Regen Potion"},{"floor":25.0,"key":"Swift Potion"},{"floor":30,"key":"Energy Potion"},{"floor":33,"key":"LiquidMemories"},{"floor":46,"key":"Strength Potion"}],"is_trial":false,"path_per_floor":["M","M","?","?","M","E","R","E","T","R","M","?","M","E","R","B",null,"M","?","$","?","?","R","$","E","T","R","E","E","E","M","R","B",null,"M","$","?","M","M","E","R","M","T","$","?","E","M","M","R","B",null],"character_chosen":"IRONCLAD","items_purchased":["Fire Potion","Red Skull","Apotheosis","Flame Barrier","Metallicize","Second Wind+1"],"campfire_rested":2,"item_purchase_floors":[20,20,36,36,36,44],"current_hp_per_floor":[70,75,80,80,80,62,62,38,38,38,30,30,29,13,37,19,65,63,56,56,56,35,35,35,35,35,35,28,45,26,28,46,19,52,62,62,62,66,66,66,66,66,66,66,66,66,61,66,66,57],"gold":150,"neow_bonus":"THREE_SMALL_POTIONS","is_prod":false,"is_daily":false,"chose_seed":false,"campfire_upgraded":6,"win_rate":0,"timestamp":1660866044,"path_taken":["M","M","?","?","M","E","R","E","T","R","M","?","?","E","R","BOSS","M","?","$","?","?","R","$","E","T","R","E","E","E","M","R","BOSS","M","$","?","M","?","E","R","M","T","$","?","E","M","M","R","BOSS"],"build_version":"2022-03-07","purchased_purges":1,"victory":true,"max_hp_per_floor":[75,75,80,80,80,80,80,80,80,80,80,80,80,80,80,80,80,80,56,56,56,56,56,56,56,56,56,56,63,63,63,63,63,63,66,66,66,66,66,66,66,66,66,66,66,66,66,66,66,66],"relic_stats":{"Dream Catcher":2,"Calipers":[216],"Happy Flower":[33],"counters":[26,134],"Nilry\u0027s Codex":[5,26,14,26],"Pantograph":0,"WingedGreaves":3,"Pen Nib":[8],"Letter Opener":[55],"Bottled Tornado":"Juggernaut","obtain_stats":[{"Lantern":25,"Calipers":40,"Happy Flower":14,"Nilry\u0027s Codex":22,"SacredBark":34,"Oddly Smooth Stone":28,"Pen Nib":30,"Incense Burner":45,"Letter Opener":46,"Bottled Tornado":8,"Burning Blood":0,"Dream Catcher":6,"Strawberry":29,"Pantograph":37,"Philosopher\u0027s Stone":17,"WingedGreaves":26,"Bag of Marbles":9,"Toxic Egg 2":43,"Red Skull":20},{"Lantern":11,"Calipers":20,"Happy Flower":8,"Nilry\u0027s Codex":10,"SacredBark":16,"Oddly Smooth Stone":12,"Pen Nib":14,"Incense Burner":22,"Letter Opener":23,"Bottled Tornado":5,"Burning Blood":0,"Dream Catcher":4,"Strawberry":13,"Pantograph":17,"Philosopher\u0027s Stone":9,"WingedGreaves":11,"Bag of Marbles":5,"Toxic Egg 2":21,"Red Skull":10},{"Lantern":52,"Calipers":98,"Happy Flower":35,"Nilry\u0027s Codex":50,"SacredBark":74,"Oddly Smooth Stone":56,"Pen Nib":64,"Incense Burner":108,"Letter Opener":116,"Bottled Tornado":21,"Burning Blood":0,"Dream Catcher":14,"Strawberry":61,"Pantograph":80,"Philosopher\u0027s Stone":44,"WingedGreaves":52,"Bag of Marbles":21,"Toxic Egg 2":101,"Red Skull":50}],"Burning Blood":135},"card_choices":[{"not_picked":["Sentinel","Havoc"],"picked":"Wild Strike","floor":1.0},{"not_picked":["Thunderclap","Warcry"],"picked":"Juggernaut","floor":2.0},{"not_picked":["Havoc","Wild Strike"],"picked":"Shockwave","floor":5.0},{"not_picked":["Carnage","Armaments"],"picked":"Spot Weakness","floor":6.0},{"not_picked":["Clothesline","Battle Trance"],"picked":"Offering","floor":8.0},{"not_picked":["Rampage","Fire Breathing"],"picked":"True Grit","floor":11.0},{"not_picked":["Headbutt","Heavy Blade","Flex"],"picked":"SKIP","floor":13.0},{"not_picked":["Sword Boomerang","Evolve"],"picked":"Whirlwind","floor":14.0},{"not_picked":["Clash","Body Slam"],"picked":"Shrug It Off","floor":15.0},{"not_picked":["Double Tap","Bludgeon"],"picked":"Demon Form","floor":16.0},{"not_picked":["Perfected Strike+1","Warcry"],"picked":"Iron Wave","floor":18.0},{"not_picked":["Infernal Blade","Double Tap"],"picked":"Havoc","floor":25.0},{"not_picked":["Carnage","Wild Strike","Body Slam"],"picked":"SKIP","floor":28.0},{"not_picked":["Carnage","Wild Strike","Clash+1"],"picked":"SKIP","floor":29.0},{"not_picked":["Armaments","Spot Weakness"],"picked":"Power Through","floor":30},{"not_picked":["Fire Breathing","Armaments","Flex"],"picked":"SKIP","floor":31},{"not_picked":["Warcry","Body Slam"],"picked":"Impervious","floor":32},{"not_picked":["Offering","Brutality"],"picked":"Feed","floor":33},{"not_picked":["Cleave+1","Bloodletting+1"],"picked":"Shrug It Off","floor":35},{"not_picked":["Flame Barrier","Warcry"],"picked":"Pommel Strike","floor":38},{"not_picked":["Sword Boomerang","Havoc"],"picked":"Shrug It Off+1","floor":39},{"not_picked":["Offering","Juggernaut"],"picked":"Ghostly Armor","floor":40},{"not_picked":["Sword Boomerang+1","Rupture"],"picked":"Metallicize","floor":42},{"not_picked":["Second Wind+1","Pommel Strike","Havoc+1"],"picked":"SKIP","floor":46},{"not_picked":["Whirlwind","Heavy Blade","Infernal Blade+1"],"picked":"SKIP","floor":47},{"not_picked":["Bloodletting+1","Warcry+1"],"picked":"Corruption","floor":48}],"player_experience":5216241,"relics_obtained":[{"floor":6.0,"key":"Dream Catcher"},{"floor":8.0,"key":"Bottled Tornado"},{"floor":9.0,"key":"Bag of Marbles"},{"floor":14.0,"key":"Happy Flower"},{"floor":22.0,"key":"Nilry\u0027s Codex"},{"floor":25.0,"key":"Lantern"},{"floor":26.0,"key":"WingedGreaves"},{"floor":28.0,"key":"Oddly Smooth Stone"},{"floor":29.0,"key":"Strawberry"},{"floor":30,"key":"Pen Nib"},{"floor":40,"key":"Calipers"},{"floor":43,"key":"Toxic Egg 2"},{"floor":45,"key":"Incense Burner"},{"floor":46,"key":"Letter Opener"}],"event_choices":[{"damage_healed":0.0,"max_hp_gain":5.0,"max_hp_loss":0.0,"gold_gain":0.0,"event_name":"Big Fish","player_choice":"Donut","floor":3.0,"gold_loss":0.0,"damage_taken":0.0},{"damage_healed":0.0,"max_hp_gain":0.0,"max_hp_loss":0.0,"gold_gain":60.0,"event_name":"Golden Wing","player_choice":"Gained Gold","floor":4.0,"gold_loss":0.0,"damage_taken":0.0},{"damage_healed":0.0,"max_hp_gain":0.0,"max_hp_loss":0.0,"gold_gain":0.0,"event_name":"Match and Keep!","player_choice":"1 cards matched","floor":12.0,"gold_loss":0.0,"damage_taken":0.0,"cards_obtained":["Anger"]},{"damage_healed":0.0,"max_hp_gain":0.0,"max_hp_loss":24.0,"gold_gain":0.0,"event_name":"Vampires","player_choice":"Became a vampire","floor":19.0,"gold_loss":0.0,"damage_taken":0.0,"cards_obtained":["Bite","Bite","Bite","Bite","Bite"]},{"cards_removed":["Bash"],"damage_healed":0.0,"max_hp_gain":0.0,"max_hp_loss":0.0,"gold_gain":0.0,"event_name":"Beggar","player_choice":"Gave Gold","floor":21.0,"gold_loss":75.0,"damage_taken":0.0},{"damage_healed":0.0,"max_hp_gain":0.0,"max_hp_loss":0.0,"gold_gain":0.0,"event_name":"Cursed Tome","player_choice":"Obtained Book","floor":22.0,"gold_loss":0.0,"damage_taken":21.0},{"cards_removed":["Metallicize"],"damage_healed":0,"gold_gain":0,"player_choice":"Gave Card","damage_taken":0,"relics_obtained":["Pantograph"],"max_hp_gain":0,"max_hp_loss":0,"event_name":"WeMeetAgain","floor":37,"gold_loss":0},{"damage_healed":0,"gold_gain":0,"player_choice":"Fight","damage_taken":0,"max_hp_gain":0,"max_hp_loss":0,"event_name":"MindBloom","floor":45,"gold_loss":0}],"is_beta":false,"boss_relics":[{"not_picked":["Mark of Pain","Runic Dome"],"picked":"Philosopher\u0027s Stone"},{"not_picked":["Pandora\u0027s Box","Runic Cube"],"picked":"SacredBark"}],"items_purged_floors":[20],"is_endless":false,"potions_floor_spawned":[1,2,6,16,25,30,33,39,46,47,48],"ascension_level":15}