{"gold_per_floor":[366,383,383,393,411,411,422,422,422,347,172,197,197,197,197,276,276,295,2,21,201,212,212,241,241,265,285,312,312,323,352,352,425,425,443,443,455,158,171,171,171,201,247,286,298,310,322,345,357,369],"floor_reached":51,"playtime":1923,"items_purged":["Strike_R","Strike_R","Strike_R"],"score":1367,"play_id":"d16143cd-472b-46a5-a283-497461bcc5f1","local_time":"20220819130247","is_ascension_mode":true,"campfire_choices":[{"data":"Hemokinesis","floor":6.0,"key":"SMITH"},{"data":"Metallicize","floor":8.0,"key":"SMITH"},{"data":"True Grit","floor":13.0,"key":"SMITH"},{"data":"Cleave","floor":15.0,"key":"SMITH"},{"data":"Whirlwind","floor":23.0,"key":"SMITH"},{"data":"Flame Barrier","floor":25.0,"key":"SMITH"},{"data":"Limit Break","floor":29.0,"key":"SMITH"},{"data":"Heavy Blade","floor":32.0,"key":"SMITH"},{"data":"Sword Boomerang","floor":40.0,"key":"SMITH"},{"floor":45,"key":"REST"},{"data":"Shrug It Off","floor":47,"key":"SMITH"},{"floor":49,"key":"REST"}],"neow_cost":"CURSE","seed_source_timestamp":186368629823200,"circlet_count":0,"master_deck":["AscendersBane","Strike_R","Strike_R","Defend_R","Defend_R","Defend_R","Defend_R","Bash+1","Hemokinesis+1","Metallicize+1","Flame Barrier+1","Battle Trance","True Grit+1","Cleave+1","Iron Wave","Limit Break+1","Warcry+1","Anger","Whirlwind+1","Heavy Blade+1","Sword Boomerang+1","Corruption+1","Offering","Headbutt","Shrug It Off+1","Sword Boomerang+1","True Grit+1","Dual Wield"],"special_seed":0,"relics":["Burning Blood","Matryoshka","HornCleat","Velvet Choker","Red Skull","The Courier","Pear","Vajra","Pantograph","Regal Pillow","Runic Pyramid","Sundial","Ancient Tea Set","Potion Belt","MawBank","Juzu Bracelet"],"potions_floor_usage":[50],"damage_taken":[{"damage":1.0,"enemies":"2 Louse","floor":1.0,"turns":3.0},{"damage":17.0,"enemies":"Jaw Worm","floor":2.0,"turns":4.0},{"damage":9.0,"enemies":"Small Slimes","floor":4.0,"turns":3.0},{"damage":23.0,"enemies":"Exordium Thugs","floor":5.0,"turns":6.0},{"damage":21.0,"enemies":"Lots of Slimes","floor":7.0,"turns":7.0},{"damage":9.0,"enemies":"Lagavulin","floor":12.0,"turns":7.0},{"damage":34.0,"enemies":"Slime Boss","floor":16.0,"turns":10.0},{"damage":9.0,"enemies":"3 Byrds","floor":18.0,"turns":3.0},{"damage":3.0,"enemies":"2 Thieves","floor":20.0,"turns":4.0},{"damage":2.0,"enemies":"3 Cultists","floor":22.0,"turns":3.0},{"damage":8.0,"enemies":"Book of Stabbing","floor":24.0,"turns":5.0},{"damage":2.0,"enemies":"Chosen and Byrds","floor":27.0,"turns":5.0},{"damage":29.0,"enemies":"Slavers","floor":28.0,"turns":3.0},{"damage":6.0,"enemies":"Snake Plant","floor":30.0,"turns":3.0},{"damage":16.0,"enemies":"Book of Stabbing","floor":31.0,"turns":2.0},{"damage":17.0,"enemies":"Champ","floor":33.0,"turns":6.0},{"damage":33.0,"enemies":"3 Shapes","floor":35.0,"turns":6.0},{"damage":13.0,"enemies":"3 Darklings","floor":37.0,"turns":4.0},{"damage":7.0,"enemies":"Maw","floor":39.0,"turns":6.0},{"damage":23.0,"enemies":"Nemesis","floor":42.0,"turns":5.0},{"damage":12,"enemies":"Giant Head","floor":44,"turns":6},{"damage":23,"enemies":"Transient","floor":48,"turns":5},{"damage":36,"enemies":"Awakened One","floor":50,"turns":15}],"seed_played":"4392296571872176200","potions_obtained":[{"floor":1.0,"key":"BloodPotion"},{"floor":4.0,"key":"BloodPotion"},{"floor":7.0,"key":"Dexterity Potion"},{"floor":12.0,"key":"LiquidBronze"},{"floor":24.0,"key":"GamblersBrew"},{"floor":28.0,"key":"EntropicBrew"},{"floor":33.0,"key":"ElixirPotion"},{"floor":39.0,"key":"Block Potion"},{"floor":48,"key":"HeartOfIron"}],"is_trial":false,"path_per_floor":["M","M","?","M","M","R","M","R","T","?","$","E","R","?","R","B",null,"M","$","M","?","M","R","E","R","T","M","E","R","M","E","R","B",null,"M","?","M","$","M","R","?","E","T","E","R","?","R","M","R","B",null],"character_chosen":"IRONCLAD","items_purchased":["Cleave","Fire Potion","Red Skull","Anger","Sundial"],"campfire_rested":2,"item_purchase_floors":[11,11,19,19,38],"current_hp_per_floor":[73,62,62,59,42,42,42,42,42,42,57,54,54,54,54,26,63,60,60,63,31,35,35,33,33,43,47,24,24,24,14,14,28,71,44,44,37,37,36,36,36,19,19,13,53,53,53,36,76,55],"gold":381,"neow_bonus":"TWO_FIFTY_GOLD","is_prod":false,"is_daily":false,"chose_seed":false,"campfire_upgraded":10,"win_rate":0,"timestamp":1660939367,"path_taken":["M","M","?","M","M","R","M","R","T","?","$","E","R","?","R","BOSS","M","$","?","?","M","R","E","R","T","M","E","R","?","E","R","BOSS","M","?","M","$","M","R","?","E","T","E","R","?","R","M","R","BOSS"],"build_version":"2022-03-07","purchased_purges":3,"victory":true,"max_hp_per_floor":[75,75,75,75,75,75,75,75,75,75,75,75,75,75,75,75,75,75,75,75,75,75,75,75,75,85,85,85,85,85,85,85,85,85,85,85,85,85,85,85,85,85,85,85,85,85,85,85,85,85],"relic_stats":{"Regal Pillow":30,"Matryoshka":2,"counters":[23,121],"Sundial":[4],"Pantograph":34,"The Courier":74,"Juzu Bracelet":0,"Ancient Tea Set":[4],"MawBank":96,"obtain_stats":[{"Potion Belt":43,"Regal Pillow":31,"Pear":26,"Velvet Choker":17,"Vajra":26,"The Courier":24,"Juzu Bracelet":44,"Ancient Tea Set":42,"MawBank":43,"Burning Blood":0,"Matryoshka":9,"HornCleat":12,"Sundial":38,"Pantograph":28,"Red Skull":19,"Runic Pyramid":34},{"Potion Belt":20,"Regal Pillow":15,"Pear":11,"Velvet Choker":7,"Vajra":11,"The Courier":11,"Juzu Bracelet":21,"Ancient Tea Set":20,"MawBank":20,"Burning Blood":0,"Matryoshka":5,"HornCleat":6,"Sundial":18,"Pantograph":13,"Red Skull":8,"Runic Pyramid":16},{"Potion Belt":95,"Regal Pillow":68,"Pear":55,"Velvet Choker":40,"Vajra":55,"The Courier":55,"Juzu Bracelet":101,"Ancient Tea Set":95,"MawBank":95,"Burning Blood":0,"Matryoshka":23,"HornCleat":30,"Sundial":84,"Pantograph":63,"Red Skull":43,"Runic Pyramid":74}],"Burning Blood":138},"card_choices":[{"not_picked":["Ghostly Armor","Pommel Strike"],"picked":"Hemokinesis","floor":1.0},{"not_picked":["Armaments","Bloodletting"],"picked":"Metallicize","floor":2.0},{"not_picked":["Second Wind","Twin Strike"],"picked":"Flame Barrier","floor":4.0},{"not_picked":["Clothesline","Wild Strike"],"picked":"Battle Trance","floor":5.0},{"not_picked":["Clash","Body Slam"],"picked":"True Grit","floor":7.0},{"not_picked":["Hemokinesis","True Grit"],"picked":"Iron Wave","floor":12.0},{"not_picked":["Corruption","Double Tap"],"picked":"Limit Break","floor":16.0},{"not_picked":["Havoc","Thunderclap"],"picked":"Warcry+1","floor":18.0},{"not_picked":["Metallicize+1","Anger"],"picked":"Whirlwind","floor":20.0},{"not_picked":["Burning Pact","Seeing Red","Warcry"],"picked":"SKIP","floor":22.0},{"not_picked":["Intimidate","Clash"],"picked":"Heavy Blade","floor":24.0},{"not_picked":["Searing Blow","Reckless Charge"],"picked":"Sword Boomerang","floor":27.0},{"not_picked":["Dark Embrace","Body Slam+1","Anger"],"picked":"SKIP","floor":28.0},{"not_picked":["True Grit","Perfected Strike","Thunderclap"],"picked":"SKIP","floor":30.0},{"not_picked":["Dark Embrace","Armaments"],"picked":"Corruption","floor":31.0},{"not_picked":["Fiend Fire","Feed"],"picked":"Offering","floor":33.0},{"not_picked":["Rampage","Combust"],"picked":"Headbutt","floor":35.0},{"not_picked":["Body Slam","Sever Soul"],"picked":"Shrug It Off","floor":37.0},{"not_picked":["Combust","Iron Wave"],"picked":"Sword Boomerang+1","floor":39.0},{"not_picked":["Clash+1","Carnage","True Grit"],"picked":"SKIP","floor":42.0},{"not_picked":["Clothesline","Body Slam"],"picked":"True Grit+1","floor":44},{"not_picked":["Searing Blow+1","Shrug It Off"],"picked":"Dual Wield","floor":48}],"player_experience":5222068,"relics_obtained":[{"floor":9.0,"key":"Matryoshka"},{"floor":12.0,"key":"HornCleat"},{"floor":24.0,"key":"The Courier"},{"floor":26.0,"key":"Pear"},{"floor":26.0,"key":"Vajra"},{"floor":28.0,"key":"Pantograph"},{"floor":31.0,"key":"Regal Pillow"},{"floor":42.0,"key":"Ancient Tea Set"},{"floor":43.0,"key":"Potion Belt"},{"floor":43.0,"key":"MawBank"},{"floor":44,"key":"Juzu Bracelet"}],"event_choices":[{"damage_healed":0.0,"max_hp_gain":0.0,"max_hp_loss":0.0,"gold_gain":0.0,"event_name":"Living Wall","player_choice":"Grow","floor":3.0,"gold_loss":0.0,"damage_taken":0.0,"cards_upgraded":["Bash"]},{"cards_removed":["Doubt"],"damage_healed":0.0,"max_hp_gain":0.0,"max_hp_loss":0.0,"gold_gain":0.0,"event_name":"The Cleric","player_choice":"Card Removal","floor":10.0,"gold_loss":75.0,"damage_taken":0.0},{"damage_healed":0.0,"max_hp_gain":0.0,"max_hp_loss":0.0,"gold_gain":0.0,"event_name":"Lab","player_choice":"Got Potions","floor":14.0,"gold_loss":0.0,"damage_taken":0.0},{"damage_healed":0.0,"max_hp_gain":0.0,"max_hp_loss":0.0,"gold_gain":180.0,"event_name":"Knowing Skull","player_choice":"POTION POTION GOLD GOLD ","floor":21.0,"potions_obtained":["Swift Potion","DuplicationPotion"],"gold_loss":0.0,"damage_taken":32.0,"cards_obtained":[]},{"damage_healed":0.0,"max_hp_gain":0.0,"max_hp_loss":0.0,"gold_gain":0.0,"event_name":"Tomb of Lord Red Mask","player_choice":"Ignored","floor":36.0,"gold_loss":0.0,"damage_taken":0.0},{"damage_healed":0.0,"max_hp_gain":0.0,"max_hp_loss":0.0,"gold_gain":0.0,"event_name":"The Moai Head","player_choice":"Ignored","floor":41.0,"gold_loss":0.0,"damage_taken":0.0},{"damage_healed":0,"gold_gain":0,"player_choice":"Upgraded","damage_taken":0,"max_hp_gain":0,"max_hp_loss":0,"event_name":"Upgrade Shrine","floor":46,"gold_loss":0,"cards_upgraded":["Corruption"]}],"is_beta":false,"boss_relics":[{"not_picked":["SacredBark","Pandora\u0027s Box"],"picked":"Velvet Choker"},{"not_picked":["Tiny House","Cursed Key"],"picked":"Runic Pyramid"}],"items_purged_floors":[11,19,38],"is_endless":false,"potions_floor_spawned":[1,4,7,12,22,24,28,33,39,48],"ascension_level":15}