{"gold_per_floor":[119,137,154,174,187,187,215,229,279,279,298,326,338,354,354,426,426,446,460,460,474,99,99],"floor_reached":23,"playtime":949,"items_purged":["Strike_R"],"score":366,"play_id":"26defdca-d570-4464-aab6-a84d26df744c","local_time":"20220826210248","is_ascension_mode":true,"campfire_choices":[{"data":"Wild Strike","floor":6.0,"key":"SMITH"},{"data":"Bash","floor":10.0,"key":"SMITH"},{"data":"Blood for Blood","floor":15.0,"key":"SMITH"}],"neow_cost":"NONE","seed_source_timestamp":104539370439200,"circlet_count":0,"master_deck":["AscendersBane","Strike_R","Strike_R","Strike_R","Strike_R","Defend_R","Defend_R","Defend_R","Defend_R","Bash+1","Wild Strike+1","True Grit","Fire Breathing","Rampage","Disarm","Iron Wave","Metallicize","Blood for Blood+1","Ghostly Armor","Feed","Armaments","Decay"],"special_seed":0,"relics":["Burning Blood","NeowsBlessing","Bag of Preparation","Bronze Scales","Darkstone Periapt","Runic Pyramid","Happy Flower","Medical Kit"],"potions_floor_usage":[19],"damage_taken":[{"damage":0.0,"enemies":"Cultist","floor":1.0,"turns":1.0},{"damage":0.0,"enemies":"Jaw Worm","floor":2.0,"turns":1.0},{"damage":0.0,"enemies":"2 Louse","floor":3.0,"turns":1.0},{"damage":12.0,"enemies":"2 Fungi Beasts","floor":4.0,"turns":5.0},{"damage":24.0,"enemies":"Lots of Slimes","floor":5.0,"turns":4.0},{"damage":16.0,"enemies":"3 Sentries","floor":7.0,"turns":4.0},{"damage":8.0,"enemies":"Blue Slaver","floor":8.0,"turns":5.0},{"damage":9.0,"enemies":"Red Slaver","floor":11.0,"turns":3.0},{"damage":23.0,"enemies":"Lagavulin","floor":12.0,"turns":7.0},{"damage":6.0,"enemies":"2 Fungi Beasts","floor":13.0,"turns":4.0},{"damage":0.0,"enemies":"Blue Slaver","floor":14.0,"turns":3.0},{"damage":8.0,"enemies":"Hexaghost","floor":16.0,"turns":8.0},{"damage":7.0,"enemies":"3 Byrds","floor":18.0,"turns":3.0},{"damage":23,"enemies":"2 Thieves","floor":19,"turns":4},{"damage":13,"enemies":"Chosen and Byrds","floor":21,"turns":6},{"damage":60,"enemies":"Gremlin Leader","floor":23,"turns":6}],"seed_played":"-139435141351811089","potions_obtained":[{"floor":3.0,"key":"PowerPotion"},{"floor":4.0,"key":"FearPotion"},{"floor":7.0,"key":"LiquidMemories"},{"floor":13.0,"key":"BlessingOfTheForge"},{"floor":14.0,"key":"GamblersBrew"},{"floor":18.0,"key":"SteroidPotion"}],"is_trial":false,"path_per_floor":["M","M","M","M","M","R","E","M","T","R","M","E","M","M","R","B",null,"M","M","?","M","$","E"],"character_chosen":"IRONCLAD","items_purchased":["Happy Flower","Medical Kit"],"campfire_rested":0,"item_purchase_floors":[22,22],"current_hp_per_floor":[74,75,75,69,51,51,41,39,39,39,36,19,19,25,25,23,62,61,47,53,49,49,0],"gold":99,"neow_bonus":"THREE_ENEMY_KILL","is_prod":false,"is_daily":false,"chose_seed":false,"campfire_upgraded":3,"win_rate":0,"timestamp":1661572968,"path_taken":["M","M","M","M","M","R","E","M","T","R","?","E","M","M","R","BOSS","M","M","?","M","$","E"],"build_version":"2022-03-07","purchased_purges":1,"victory":false,"max_hp_per_floor":[75,75,75,75,75,75,75,75,75,75,75,75,75,75,75,75,75,75,78,84,87,87,87],"relic_stats":{"Darkstone Periapt":6,"Happy Flower":[2],"counters":[16,65],"Bronze Scales":[217],"Bag of Preparation":[20],"Medical Kit":[1],"obtain_stats":[{"Darkstone Periapt":12,"NeowsBlessing":0,"Happy Flower":22,"Bronze Scales":9,"Bag of Preparation":7,"Medical Kit":22,"Burning Blood":0,"Runic Pyramid":17},{"Darkstone Periapt":9,"NeowsBlessing":0,"Happy Flower":15,"Bronze Scales":7,"Bag of Preparation":6,"Medical Kit":15,"Burning Blood":0,"Runic Pyramid":12},{"Darkstone Periapt":31,"NeowsBlessing":0,"Happy Flower":59,"Bronze Scales":21,"Bag of Preparation":16,"Medical Kit":59,"Burning Blood":0,"Runic Pyramid":46}],"Burning Blood":79},"card_choices":[{"not_picked":["Armaments","Reckless Charge"],"picked":"Wild Strike","floor":1.0},{"not_picked":["Thunderclap","Burning Pact"],"picked":"True Grit","floor":2.0},{"not_picked":["Shrug It Off","Heavy Blade"],"picked":"Fire Breathing","floor":3.0},{"not_picked":["Exhume","Perfected Strike","Infernal Blade"],"picked":"SKIP","floor":4.0},{"not_picked":["Wild Strike","Headbutt"],"picked":"Rampage","floor":5.0},{"not_picked":["Dual Wield","Pommel Strike"],"picked":"Disarm","floor":7.0},{"not_picked":["Dropkick","Thunderclap"],"picked":"Iron Wave","floor":8.0},{"not_picked":["Rampage","Headbutt"],"picked":"Metallicize","floor":11.0},{"not_picked":["Body Slam","True Grit"],"picked":"Blood for Blood","floor":12.0},{"not_picked":["Warcry","Wild Strike"],"picked":"Ghostly Armor","floor":13.0},{"not_picked":["Searing Blow","Sentinel","Dual Wield"],"picked":"SKIP","floor":14.0},{"not_picked":["Demon Form","Exhume"],"picked":"Feed","floor":16.0},{"not_picked":["Rampage+1","Thunderclap","Clash"],"picked":"SKIP","floor":18.0},{"not_picked":["Heavy Blade","Thunderclap+1"],"picked":"Armaments","floor":19},{"not_picked":["Warcry","Disarm","Heavy Blade"],"picked":"SKIP","floor":21}],"player_experience":5235582,"relics_obtained":[{"floor":7.0,"key":"Bag of Preparation"},{"floor":9.0,"key":"Bronze Scales"},{"floor":12.0,"key":"Darkstone Periapt"}],"event_choices":[{"damage_healed":0,"gold_gain":0,"player_choice":"Smashed Altar","damage_taken":0,"max_hp_gain":0,"max_hp_loss":0,"event_name":"Forgotten Altar","floor":20,"gold_loss":0,"cards_obtained":["Decay"]}],"is_beta":false,"boss_relics":[{"not_picked":["Sozu","Astrolabe"],"picked":"Runic Pyramid"}],"items_purged_floors":[22],"is_endless":false,"potions_floor_spawned":[3,4,5,7,13,14,18],"killed_by":"Gremlin Leader","ascension_level":15}