{"gold_per_floor":[115,126,140,159,159,159,179,205,256,276,305,305,305,322,322,398,398,414,433,17,17,17,48,67,67,67,67,85,35,67,81,81,155,155,172,186,234,253,109,141,141,141,141,141,169,169,197,207,207,207],"floor_reached":51,"playtime":2169,"items_purged":["Strike_R"],"score":1452,"play_id":"a391350f-8d95-4100-9b0a-19f2b59e7bc5","local_time":"20220826213940","is_ascension_mode":true,"campfire_choices":[{"data":"Inflame","floor":6,"key":"SMITH"},{"floor":13,"key":"REST"},{"data":"Uppercut","floor":15,"key":"SMITH"},{"data":"Limit Break","floor":27,"key":"SMITH"},{"data":"Barricade","floor":32,"key":"SMITH"},{"data":"Flame Barrier","floor":42,"key":"SMITH"},{"data":"Metallicize","floor":44,"key":"SMITH"},{"data":"Shockwave","floor":49,"key":"SMITH"}],"neow_cost":"NONE","seed_source_timestamp":105599502812000,"circlet_count":0,"master_deck":["AscendersBane","Defend_R","Defend_R","Defend_R","Defend_R","Bash","Inflame+1","Twin Strike+1","Hemokinesis+1","Cleave","Barricade+1","Uppercut+1","Limit Break+1","Metallicize+1","Dropkick","Impervious+1","Shrug It Off","Anger","Warcry+1","Feel No Pain+1","Heavy Blade","Reaper","Inflame+1","Seeing Red+1","Cleave+1","Shrug It Off","Battle Trance+1","Whirlwind","Flame Barrier+1","Second Wind","Shockwave+1"],"relics":["Burning Blood","Toy Ornithopter","Gremlin Horn","Whetstone","Ornamental Fan","Blue Candle","Coffee Dripper","White Beast Statue","Regal Pillow","MutagenicStrength","Dream Catcher","Question Card","Astrolabe","Dead Branch","Vajra","War Paint","Mango","InkBottle","Mummified Hand","Blood Vial"],"potions_floor_usage":[4,8,11,23,24,28,29,31,33,35,36,37,37,37,40,45,48,50],"damage_taken":[{"damage":6,"enemies":"Cultist","floor":1,"turns":4},{"damage":9,"enemies":"2 Louse","floor":2,"turns":3},{"damage":11,"enemies":"Jaw Worm","floor":3,"turns":4},{"damage":31,"enemies":"Gremlin Gang","floor":4,"turns":6},{"damage":7,"enemies":"2 Fungi Beasts","floor":7,"turns":3},{"damage":17,"enemies":"3 Sentries","floor":8,"turns":5},{"damage":18,"enemies":"3 Louse","floor":10,"turns":2},{"damage":18,"enemies":"Gremlin Nob","floor":11,"turns":3},{"damage":8,"enemies":"Exordium Wildlife","floor":14,"turns":4},{"damage":28,"enemies":"Hexaghost","floor":16,"turns":10},{"damage":24,"enemies":"Shell Parasite","floor":18,"turns":5},{"damage":15,"enemies":"2 Thieves","floor":19,"turns":5},{"damage":21,"enemies":"Gremlin Leader","floor":23,"turns":6},{"damage":1,"enemies":"Centurion and Healer","floor":24,"turns":5},{"damage":20,"enemies":"Cultist and Chosen","floor":28,"turns":5},{"damage":13,"enemies":"Slavers","floor":30,"turns":6},{"damage":10,"enemies":"Sentry and Sphere","floor":31,"turns":5},{"damage":38,"enemies":"Automaton","floor":33,"turns":9},{"damage":13,"enemies":"Orb Walker","floor":35,"turns":2},{"damage":17,"enemies":"3 Shapes","floor":36,"turns":5},{"damage":36,"enemies":"2 Orb Walkers","floor":37,"turns":4},{"damage":11,"enemies":"Maw","floor":38,"turns":5},{"damage":40,"enemies":"Giant Head","floor":40,"turns":7},{"damage":26,"enemies":"Reptomancer","floor":45,"turns":5},{"damage":2,"enemies":"Giant Head","floor":47,"turns":5},{"damage":55,"enemies":"Writhing Mass","floor":48,"turns":6},{"damage":35,"enemies":"Awakened One","floor":50,"turns":10}],"seed_played":"-1467723000944394847","potions_obtained":[{"floor":2,"key":"Weak Potion"},{"floor":7,"key":"LiquidMemories"},{"floor":8,"key":"Fruit Juice"},{"floor":10,"key":"Ancient Potion"},{"floor":23,"key":"Explosive Potion"},{"floor":24,"key":"SkillPotion"},{"floor":28,"key":"BloodPotion"},{"floor":30,"key":"Regen Potion"},{"floor":31,"key":"BlessingOfTheForge"},{"floor":33,"key":"EntropicBrew"},{"floor":35,"key":"Weak Potion"},{"floor":36,"key":"Strength Potion"},{"floor":37,"key":"ColorlessPotion"},{"floor":38,"key":"PowerPotion"},{"floor":40,"key":"BloodPotion"},{"floor":45,"key":"BloodPotion"},{"floor":48,"key":"SpeedPotion"}],"is_trial":false,"path_per_floor":["M","M","M","M","?","R","M","E","T","M","E","T","R","M","R","B",null,"M","M","$","?","$","E","M","?","T","R","M","$","E","M","R","B",null,"M","M","?","M","$","E","T","R","T","R","E","?","E","M","R","B",null],"character_chosen":"IRONCLAD","items_purchased":["White Beast Statue","Fruit Juice","FearPotion","Vajra"],"campfire_rested":1,"item_purchase_floors":[20,20,29,39],"current_hp_per_floor":[68,65,60,40,40,40,39,33,33,21,19,19,43,41,41,19,65,47,38,38,38,38,33,43,43,43,43,34,56,49,64,64,37,73,71,85,85,85,85,51,65,65,65,65,82,82,99,96,96,97],"gold":207,"neow_bonus":"RANDOM_COMMON_RELIC","is_prod":false,"is_daily":false,"chose_seed":false,"campfire_upgraded":7,"win_rate":0,"timestamp":1661575180,"path_taken":["M","?","M","M","?","R","?","E","T","M","E","?","R","M","R","BOSS","M","?","$","?","$","E","M","?","T","R","M","?","E","M","R","BOSS","M","M","?","M","$","E","?","R","T","R","E","?","E","M","R","BOSS"],"build_version":"2022-03-07","purchased_purges":1,"victory":true,"max_hp_per_floor":[75,75,75,75,75,75,75,75,75,75,80,80,80,80,80,80,80,80,80,80,80,80,85,85,85,85,85,85,85,85,85,85,85,85,85,85,85,85,85,85,99,99,99,99,99,99,99,99,99,99],"relic_stats":{"Regal Pillow":0,"Gremlin Horn":[27,27],"counters":[27,139],"Blue Candle":[0],"Astrolabe":["Inflame","Seeing Red","Cleave"],"Dead Branch":[32],"Whetstone":["Twin Strike","Hemokinesis"],"War Paint":["Battle Trance","Impervious"],"Question Card":10,"Burning Blood":143,"White Beast Statue":[0.0024998400000000014,0.0,0.10427520000000007,0.0,0.43920256000000024,0.0,0.38386560000000025,0.0,0.06894720000000004,0.0,0.0012096000000000008,6.952814080000001],"Blood Vial":2,"Dream Catcher":0,"Ornamental Fan":[136],"Mummified Hand":[20],"obtain_stats":[{"Regal Pillow":23,"Gremlin Horn":8,"Blue Candle":12,"Astrolabe":34,"Dead Branch":37,"Vajra":39,"Mango":41,"Whetstone":9,"War Paint":40,"Question Card":30,"Burning Blood":0,"White Beast Statue":20,"Blood Vial":47,"Dream Catcher":26,"Ornamental Fan":11,"Mummified Hand":45,"MutagenicStrength":25,"Coffee Dripper":17,"Toy Ornithopter":0,"InkBottle":43},{"Regal Pillow":13,"Gremlin Horn":6,"Blue Candle":8,"Astrolabe":18,"Dead Branch":21,"Vajra":22,"Mango":23,"Whetstone":6,"War Paint":23,"Question Card":16,"Burning Blood":0,"White Beast Statue":12,"Blood Vial":25,"Dream Catcher":14,"Ornamental Fan":8,"Mummified Hand":24,"MutagenicStrength":14,"Coffee Dripper":10,"Toy Ornithopter":0,"InkBottle":23},{"Regal Pillow":60,"Gremlin Horn":25,"Blue Candle":30,"Astrolabe":90,"Dead Branch":101,"Vajra":106,"Mango":113,"Whetstone":25,"War Paint":113,"Question Card":76,"Burning Blood":0,"White Beast Statue":54,"Blood Vial":123,"Dream Catcher":65,"Ornamental Fan":30,"Mummified Hand":118,"MutagenicStrength":65,"Coffee Dripper":44,"Toy Ornithopter":0,"InkBottle":113}],"Toy Ornithopter":72,"InkBottle":[10]},"card_choices":[{"not_picked":["Wild Strike","Rampage"],"picked":"Inflame","floor":1},{"not_picked":["Rampage","Dropkick"],"picked":"Twin Strike","floor":2},{"not_picked":["Dark Embrace","Clash"],"picked":"Hemokinesis","floor":3},{"not_picked":["Shrug It Off","Pommel Strike"],"picked":"Cleave","floor":4},{"not_picked":["Metallicize","Wild Strike"],"picked":"Uppercut","floor":7},{"not_picked":["Dual Wield","Thunderclap"],"picked":"Limit Break","floor":8},{"not_picked":["Wild Strike","Havoc"],"picked":"Metallicize","floor":10},{"not_picked":["Flex","Heavy Blade","Twin Strike"],"picked":"SKIP","floor":11},{"not_picked":["Perfected Strike","Infernal Blade"],"picked":"Dropkick","floor":14},{"not_picked":["Brutality","Juggernaut"],"picked":"Impervious","floor":16},{"not_picked":["Searing Blow","Body Slam"],"picked":"Shrug It Off","floor":18},{"not_picked":["Wild Strike","Headbutt"],"picked":"Anger","floor":19},{"not_picked":["Carnage","Sentinel"],"picked":"Evolve+1","floor":23},{"not_picked":["Combust","Pummel"],"picked":"Warcry+1","floor":24},{"not_picked":["Iron Wave+1","Juggernaut"],"picked":"Feel No Pain+1","floor":28},{"not_picked":["Clash","Rampage","Heavy Blade"],"picked":"SKIP","floor":30},{"not_picked":["Clash","Rampage"],"picked":"Heavy Blade","floor":30},{"not_picked":["Metallicize","Sentinel","Clash+1","Hemokinesis"],"picked":"SKIP","floor":31},{"not_picked":["Double Tap","Juggernaut","Immolate"],"picked":"Reaper","floor":33},{"not_picked":["Dual Wield","Reckless Charge+1","Warcry"],"picked":"Shrug It Off","floor":35},{"not_picked":["Blood for Blood","Anger","Wild Strike+1"],"picked":"Battle Trance","floor":36},{"not_picked":["Carnage+1","Evolve+1","Combust"],"picked":"Whirlwind","floor":37},{"not_picked":["Searing Blow+1","Thunderclap","Heavy Blade","Battle Trance"],"picked":"SKIP","floor":38},{"not_picked":["Cleave","Pummel+1","Sword Boomerang"],"picked":"Flame Barrier","floor":40},{"not_picked":["Flex","Whirlwind","Feel No Pain","Spot Weakness"],"picked":"SKIP","floor":45},{"not_picked":["Juggernaut","Inflame","Evolve+1","Combust+1"],"picked":"SKIP","floor":47},{"not_picked":["Pommel Strike","Iron Wave","Headbutt"],"picked":"Shockwave","floor":48}],"player_experience":5236531,"relics_obtained":[{"floor":8,"key":"Gremlin Horn"},{"floor":9,"key":"Whetstone"},{"floor":11,"key":"Ornamental Fan"},{"floor":12,"key":"Blue Candle"},{"floor":23,"key":"Regal Pillow"},{"floor":26,"key":"Dream Catcher"},{"floor":30,"key":"Question Card"},{"floor":37,"key":"Dead Branch"},{"floor":40,"key":"War Paint"},{"floor":41,"key":"Mango"},{"floor":43,"key":"InkBottle"},{"floor":45,"key":"Mummified Hand"},{"floor":47,"key":"Blood Vial"}],"event_choices":[{"damage_healed":0,"gold_gain":0,"cards_transformed":["Strike_R"],"player_choice":"Transformed","damage_taken":0,"max_hp_gain":0,"max_hp_loss":0,"event_name":"Transmorgrifier","floor":5,"gold_loss":0,"cards_obtained":["Barricade"]},{"damage_healed":0,"gold_gain":0,"player_choice":"Ignored","damage_taken":0,"max_hp_gain":0,"max_hp_loss":0,"event_name":"Ghosts","floor":21,"gold_loss":0},{"damage_healed":0,"gold_gain":0,"player_choice":"Inject Mutagens","damage_taken":0,"relics_obtained":["MutagenicStrength"],"max_hp_gain":0,"max_hp_loss":0,"event_name":"Drug Dealer","floor":25,"gold_loss":0},{"damage_healed":0,"gold_gain":0,"player_choice":"Fight","damage_taken":0,"max_hp_gain":0,"max_hp_loss":0,"event_name":"Mysterious Sphere","floor":37,"gold_loss":0},{"damage_healed":0,"gold_gain":0,"cards_transformed":["Evolve"],"player_choice":"Transformed","damage_taken":0,"max_hp_gain":0,"max_hp_loss":0,"event_name":"Transmorgrifier","floor":46,"gold_loss":0,"cards_obtained":["Second Wind"]}],"is_beta":false,"boss_relics":[{"not_picked":["Philosopher\u0027s Stone","SlaversCollar"],"picked":"Coffee Dripper"},{"not_picked":["Mark of Pain","Runic Cube"],"picked":"Astrolabe"}],"items_purged_floors":[20],"is_endless":false,"potions_floor_spawned":[2,7,8,10,23,24,28,30,31,33,35,36,37,38,40,45,47,48],"ascension_level":15}