{"gold_per_floor":[368,387,402,422,497,497,529,529,529,556,576,576,576,608,608,680,680,699,699,699,699,57,57,84,84,84,4,24,53,64,96,96,171,171,181,195,195,205,16,16,43,43,43,43,60,60,71,100,100,100],"floor_reached":51,"playtime":2186,"items_purged":["Writhe","Strike_R"],"score":1504,"play_id":"dafb2cdd-8bf2-4fec-a068-93103f4ec8fb","local_time":"20220821184255","is_ascension_mode":true,"campfire_choices":[{"data":"Bash","floor":6.0,"key":"SMITH"},{"floor":8.0,"key":"REST"},{"data":"Disarm","floor":13.0,"key":"SMITH"},{"data":"Clothesline","floor":15.0,"key":"SMITH"},{"data":"Spot Weakness","floor":23.0,"key":"SMITH"},{"data":"Dark Embrace","floor":25.0,"key":"SMITH"},{"data":"True Grit","floor":32,"key":"SMITH"},{"data":"Limit Break","floor":40,"key":"SMITH"},{"data":"Inflame","floor":42,"key":"SMITH"},{"data":"Feel No Pain","floor":44,"key":"SMITH"},{"data":"Feel No Pain","floor":46,"key":"SMITH"},{"data":"Evolve","floor":49,"key":"SMITH"}],"neow_cost":"TEN_PERCENT_HP_LOSS","seed_source_timestamp":379601246619900,"circlet_count":0,"master_deck":["AscendersBane","Bash+1","Ghostly Armor","Iron Wave","Clothesline+1","Disarm+1","Twin Strike","Feel No Pain+1","Anger","Impervious","Reaper","Thunderclap","Spot Weakness+1","Shrug It Off","Dark Embrace+1","Headbutt","True Grit+1","Brutality","Fire Breathing","Dual Wield","Carnage","Evolve+1","Burning Pact","Dual Wield","Ghostly Armor","Double Tap","Pommel Strike","Disarm+1","Limit Break+1","Feel No Pain+1","Inflame+1"],"special_seed":0,"relics":["Burning Blood","CaptainsWheel","Bottled Lightning","Paper Frog","PreservedInsect","Busted Crown","Orichalcum","CultistMask","Sling","Omamori","Centennial Puzzle","The Courier","Self Forming Clay","Potion Belt","Pocketwatch","Pandora\u0027s Box","Bottled Flame","HornCleat","StoneCalendar"],"potions_floor_usage":[29,33,50,50,50,50],"damage_taken":[{"damage":1.0,"enemies":"Cultist","floor":1.0,"turns":4.0},{"damage":5.0,"enemies":"2 Louse","floor":2.0,"turns":4.0},{"damage":12.0,"enemies":"Jaw Worm","floor":3.0,"turns":3.0},{"damage":7.0,"enemies":"Lots of Slimes","floor":4.0,"turns":6.0},{"damage":24.0,"enemies":"Lagavulin","floor":7.0,"turns":9.0},{"damage":6.0,"enemies":"Gremlin Nob","floor":10.0,"turns":4.0},{"damage":12.0,"enemies":"Exordium Thugs","floor":11.0,"turns":6.0},{"damage":0.0,"enemies":"Lagavulin","floor":14.0,"turns":5.0},{"damage":35.0,"enemies":"The Guardian","floor":16.0,"turns":17.0},{"damage":5.0,"enemies":"Shell Parasite","floor":18.0,"turns":8.0},{"damage":4.0,"enemies":"Gremlin Leader","floor":24.0,"turns":5.0},{"damage":1.0,"enemies":"Spheric Guardian","floor":28.0,"turns":5.0},{"damage":28,"enemies":"Slavers","floor":29,"turns":4},{"damage":0,"enemies":"Cultist and Chosen","floor":30,"turns":6},{"damage":10,"enemies":"Book of Stabbing","floor":31,"turns":5},{"damage":49,"enemies":"Automaton","floor":33,"turns":10},{"damage":7,"enemies":"Orb Walker","floor":35,"turns":4},{"damage":13,"enemies":"3 Darklings","floor":36,"turns":8},{"damage":11,"enemies":"Writhing Mass","floor":38,"turns":7},{"damage":26,"enemies":"Giant Head","floor":41,"turns":6},{"damage":15,"enemies":"4 Shapes","floor":45,"turns":6},{"damage":5,"enemies":"Sphere and 2 Shapes","floor":47,"turns":5},{"damage":21,"enemies":"Reptomancer","floor":48,"turns":5},{"damage":8,"enemies":"Time Eater","floor":50,"turns":12}],"seed_played":"7120580566712754172","potions_obtained":[{"floor":1.0,"key":"GamblersBrew"},{"floor":2.0,"key":"SkillPotion"},{"floor":10.0,"key":"SteroidPotion"},{"floor":14.0,"key":"HeartOfIron"},{"floor":24.0,"key":"SkillPotion"},{"floor":31,"key":"AttackPotion"},{"floor":33,"key":"AttackPotion"},{"floor":35,"key":"BlessingOfTheForge"},{"floor":36,"key":"Dexterity Potion"},{"floor":45,"key":"Dexterity Potion"}],"is_trial":false,"path_per_floor":["M","M","M","M","?","R","E","R","T","E","M","?","R","E","R","B",null,"M","?","?","?","$","R","E","R","T","$","M","E","M","E","R","B",null,"M","M","?","M","$","R","E","R","T","R","M","R","M","E","R","B",null],"character_chosen":"IRONCLAD","items_purchased":["Shrug It Off","Sling","Omamori","Centennial Puzzle","Dark Embrace","Limit Break","Feel No Pain","Inflame"],"campfire_rested":1,"item_purchase_floors":[22,22,22,22,22,39,39,39],"current_hp_per_floor":[68,68,62,61,50,50,32,52,52,52,46,51,51,57,57,28,62,67,67,67,67,67,67,73,73,73,73,73,73,73,69,69,42,65,73,73,73,73,73,73,68,68,68,68,73,73,73,73,73,71],"gold":100,"neow_bonus":"TWO_FIFTY_GOLD","is_prod":false,"is_daily":false,"chose_seed":false,"campfire_upgraded":11,"win_rate":0,"timestamp":1661132575,"path_taken":["M","M","M","M","?","R","E","R","T","E","M","?","R","E","R","BOSS","M","?","?","?","$","R","E","R","T","$","M","E","M","E","R","BOSS","M","M","?","M","$","R","E","R","T","R","M","R","M","E","R","BOSS"],"build_version":"2022-03-07","purchased_purges":2,"victory":true,"max_hp_per_floor":[68,68,68,68,68,68,68,68,68,68,68,73,73,73,73,73,73,73,73,73,73,73,73,73,73,73,73,73,73,73,73,73,73,73,73,73,73,73,73,73,73,73,73,73,73,73,73,73,73,73],"relic_stats":{"counters":[24,154],"Self Forming Clay":[132],"StoneCalendar":[45],"PreservedInsect":320,"The Courier":68,"Omamori":0,"Orichalcum":[54],"Burning Blood":86,"Centennial Puzzle":[36],"Bottled Flame":"Thunderclap","Busted Crown":28,"Pandora\u0027s Box":["Fire Breathing","Dual Wield","Carnage","Evolve","Burning Pact","Dual Wield","Ghostly Armor","Double Tap"],"Bottled Lightning":"Disarm","obtain_stats":[{"Potion Belt":29,"Self Forming Clay":26,"StoneCalendar":48,"PreservedInsect":14,"The Courier":24,"Omamori":22,"Orichalcum":20,"Sling":22,"Burning Blood":0,"CaptainsWheel":7,"Centennial Puzzle":22,"Bottled Flame":41,"Busted Crown":17,"HornCleat":43,"Pandora\u0027s Box":34,"CultistMask":21,"Bottled Lightning":9,"Paper Frog":10,"Pocketwatch":31},{"Potion Belt":13,"Self Forming Clay":11,"StoneCalendar":23,"PreservedInsect":8,"The Courier":11,"Omamori":10,"Orichalcum":10,"Sling":10,"Burning Blood":0,"CaptainsWheel":5,"Centennial Puzzle":10,"Bottled Flame":20,"Busted Crown":9,"HornCleat":20,"Pandora\u0027s Box":16,"CultistMask":10,"Bottled Lightning":5,"Paper Frog":6,"Pocketwatch":15},{"Potion Belt":80,"Self Forming Clay":71,"StoneCalendar":142,"PreservedInsect":41,"The Courier":71,"Omamori":66,"Orichalcum":66,"Sling":66,"Burning Blood":0,"CaptainsWheel":26,"Centennial Puzzle":66,"Bottled Flame":126,"Busted Crown":58,"HornCleat":126,"Pandora\u0027s Box":101,"CultistMask":66,"Bottled Lightning":26,"Paper Frog":30,"Pocketwatch":91}],"Pocketwatch":[105]},"card_choices":[{"not_picked":["Rupture","Pommel Strike"],"picked":"Ghostly Armor","floor":1.0},{"not_picked":["Flex","Thunderclap"],"picked":"Iron Wave","floor":2.0},{"not_picked":["Warcry","Body Slam"],"picked":"Clothesline","floor":3.0},{"not_picked":["Shrug It Off","Dropkick"],"picked":"Disarm","floor":4.0},{"not_picked":["Iron Wave","Clothesline"],"picked":"Twin Strike","floor":7.0},{"not_picked":["Power Through","Uppercut"],"picked":"Feel No Pain","floor":10.0},{"not_picked":["Clothesline","True Grit"],"picked":"Anger","floor":11.0},{"not_picked":["Anger","Clash"],"picked":"Impervious","floor":14.0},{"not_picked":["Demon Form","Bludgeon"],"picked":"Reaper","floor":16.0},{"not_picked":[],"picked":"Thunderclap","floor":18.0},{"not_picked":["Reckless Charge"],"picked":"SKIP","floor":24.0},{"not_picked":[],"picked":"Headbutt","floor":28.0},{"not_picked":["Dual Wield"],"picked":"SKIP","floor":29},{"not_picked":[],"picked":"True Grit","floor":30},{"not_picked":["True Grit"],"picked":"SKIP","floor":31},{"not_picked":[],"picked":"Brutality","floor":33},{"not_picked":[],"picked":"Pommel Strike","floor":35},{"not_picked":["Clothesline"],"picked":"SKIP","floor":36},{"not_picked":["Clash"],"picked":"SKIP","floor":38},{"not_picked":["Bloodletting"],"picked":"SKIP","floor":41},{"not_picked":["Carnage"],"picked":"SKIP","floor":45},{"not_picked":["Power Through"],"picked":"SKIP","floor":47},{"not_picked":["Thunderclap"],"picked":"SKIP","floor":48}],"player_experience":5227490,"relics_obtained":[{"floor":7.0,"key":"CaptainsWheel"},{"floor":9.0,"key":"Bottled Lightning"},{"floor":10.0,"key":"Paper Frog"},{"floor":14.0,"key":"PreservedInsect"},{"floor":24.0,"key":"The Courier"},{"floor":26.0,"key":"Self Forming Clay"},{"floor":29,"key":"Potion Belt"},{"floor":31,"key":"Pocketwatch"},{"floor":41,"key":"Bottled Flame"},{"floor":43,"key":"HornCleat"},{"floor":48,"key":"StoneCalendar"}],"event_choices":[{"damage_healed":0.0,"max_hp_gain":0.0,"max_hp_loss":0.0,"gold_gain":75.0,"event_name":"World of Goop","player_choice":"Gather Gold","floor":5.0,"gold_loss":0.0,"damage_taken":11.0},{"damage_healed":0.0,"max_hp_gain":5.0,"max_hp_loss":0.0,"gold_gain":0.0,"event_name":"Big Fish","player_choice":"Donut","floor":12.0,"gold_loss":0.0,"damage_taken":0.0},{"damage_healed":0.0,"max_hp_gain":0.0,"max_hp_loss":0.0,"gold_gain":0.0,"event_name":"The Library","player_choice":"Read","floor":19.0,"gold_loss":0.0,"damage_taken":0.0,"cards_obtained":["Spot Weakness"]},{"damage_healed":0.0,"max_hp_gain":0.0,"max_hp_loss":0.0,"gold_gain":0.0,"event_name":"The Mausoleum","player_choice":"Opened","floor":20.0,"gold_loss":0.0,"damage_taken":0.0,"relics_obtained":["Orichalcum"],"cards_obtained":["Writhe"]},{"damage_healed":0.0,"max_hp_gain":0.0,"max_hp_loss":0.0,"gold_gain":0.0,"event_name":"FaceTrader","player_choice":"Trade","floor":21.0,"gold_loss":0.0,"damage_taken":0.0,"relics_obtained":["CultistMask"]},{"damage_healed":0,"gold_gain":0,"player_choice":"Copied","damage_taken":0,"max_hp_gain":0,"max_hp_loss":0,"event_name":"Duplicator","floor":37,"gold_loss":0,"cards_obtained":["Disarm"]}],"is_beta":false,"boss_relics":[{"not_picked":["Empty Cage","Tiny House"],"picked":"Busted Crown"},{"not_picked":["Astrolabe","Black Star"],"picked":"Pandora\u0027s Box"}],"items_purged_floors":[22,27],"is_endless":false,"potions_floor_spawned":[1,2,3,10,14,24,31,33,35,36,38,45],"ascension_level":15}