{"gold_per_floor":[111,36,104,118,193,193,218,218,218,218,237,237,265,21,21,100,100,110,130,330,330],"floor_reached":21,"playtime":521,"items_purged":["Doubt"],"score":327,"play_id":"636996f7-3624-459f-9449-b1c621bd6c54","local_time":"20220821180436","is_ascension_mode":true,"campfire_choices":[{"data":"1","floor":6.0,"key":"LIFT"},{"floor":8.0,"key":"REST"},{"data":"2","floor":10.0,"key":"LIFT"},{"data":"3","floor":15.0,"key":"LIFT"}],"neow_cost":"CURSE","seed_source_timestamp":378920337799400,"circlet_count":0,"master_deck":["AscendersBane","Strike_R","Strike_R","Strike_R","Strike_R","Strike_R","Defend_R","Defend_R","Defend_R","Defend_R","Bash","Carnage","Second Wind","True Grit","Thunderclap","Anger","Immolate","Seeing Red+1","Heavy Blade"],"special_seed":0,"relics":["Burning Blood","Girya","MealTicket","Art of War","Question Card","Mummified Hand","Mark of Pain"],"potions_floor_usage":[21],"damage_taken":[{"damage":14.0,"enemies":"Jaw Worm","floor":1.0,"turns":4.0},{"damage":10.0,"enemies":"Small Slimes","floor":4.0,"turns":4.0},{"damage":40.0,"enemies":"Lagavulin","floor":7.0,"turns":5.0},{"damage":0.0,"enemies":"2 Louse","floor":11.0,"turns":2.0},{"damage":0.0,"enemies":"Lots of Slimes","floor":12.0,"turns":1.0},{"damage":18.0,"enemies":"Gremlin Nob","floor":13.0,"turns":4.0},{"damage":24.0,"enemies":"Slime Boss","floor":16.0,"turns":10.0},{"damage":16.0,"enemies":"2 Thieves","floor":18.0,"turns":4.0},{"damage":16.0,"enemies":"3 Byrds","floor":19.0,"turns":5.0},{"damage":44,"enemies":"Snake Plant","floor":21,"turns":4}],"seed_played":"8224240873004725427","potions_obtained":[{"floor":11.0,"key":"SmokeBomb"},{"floor":13.0,"key":"BlessingOfTheForge"},{"floor":19.0,"key":"Explosive Potion"}],"is_trial":false,"path_per_floor":["M","$","?","M","?","R","E","R","T","R","M","M","E","$","R","B",null,"M","M","?","M"],"character_chosen":"IRONCLAD","items_purchased":["Mummified Hand"],"campfire_rested":1,"item_purchase_floors":[14],"current_hp_per_floor":[60,60,60,56,45,45,11,33,33,33,39,45,33,48,48,30,64,54,44,44,0],"gold":330,"neow_bonus":"ONE_RARE_RELIC","is_prod":false,"is_daily":false,"chose_seed":false,"campfire_upgraded":0,"win_rate":0,"timestamp":1661130276,"path_taken":["M","$","?","M","?","R","E","R","T","R","M","M","E","$","R","BOSS","M","M","?","M"],"build_version":"2022-03-07","purchased_purges":1,"victory":false,"max_hp_per_floor":[75,75,75,75,75,75,75,75,75,75,75,75,75,75,75,75,75,75,75,75,75],"relic_stats":{"Girya":3,"counters":[10,43],"Mummified Hand":[0],"MealTicket":15,"Art of War":[1],"Question Card":4,"obtain_stats":[{"Girya":0,"Mummified Hand":14,"MealTicket":7,"Mark of Pain":17,"Art of War":9,"Question Card":13,"Burning Blood":0},{"Girya":0,"Mummified Hand":6,"MealTicket":3,"Mark of Pain":7,"Art of War":3,"Question Card":6,"Burning Blood":0},{"Girya":0,"Mummified Hand":20,"MealTicket":13,"Mark of Pain":30,"Art of War":13,"Question Card":20,"Burning Blood":0}],"Burning Blood":54},"card_choices":[{"not_picked":["Feel No Pain","Armaments"],"picked":"Carnage","floor":1.0},{"not_picked":["Dark Embrace","Seeing Red"],"picked":"Second Wind","floor":4.0},{"not_picked":["Bloodletting","Reckless Charge"],"picked":"True Grit","floor":7.0},{"not_picked":["Flame Barrier","Berserk"],"picked":"Thunderclap","floor":11.0},{"not_picked":["Ghostly Armor","Cleave"],"picked":"Anger","floor":13.0},{"not_picked":["Impervious","Bludgeon","Exhume"],"picked":"Immolate","floor":16.0},{"not_picked":["Intimidate","Bloodletting","True Grit"],"picked":"Seeing Red+1","floor":18.0},{"not_picked":["Warcry+1","Flex","Cleave"],"picked":"Heavy Blade","floor":19.0}],"player_experience":5226969,"relics_obtained":[{"floor":7.0,"key":"MealTicket"},{"floor":9.0,"key":"Art of War"},{"floor":13.0,"key":"Question Card"}],"event_choices":[{"damage_healed":0.0,"max_hp_gain":0.0,"max_hp_loss":0.0,"gold_gain":68.0,"event_name":"Golden Wing","player_choice":"Gained Gold","floor":3.0,"gold_loss":0.0,"damage_taken":0.0},{"damage_healed":0.0,"max_hp_gain":0.0,"max_hp_loss":0.0,"gold_gain":75.0,"event_name":"World of Goop","player_choice":"Gather Gold","floor":5.0,"gold_loss":0.0,"damage_taken":11.0},{"damage_healed":0,"gold_gain":250,"player_choice":"Bet on Owner","damage_taken":0,"max_hp_gain":0,"max_hp_loss":0,"event_name":"The Joust","floor":20,"gold_loss":50}],"is_beta":false,"boss_relics":[{"not_picked":["SacredBark","Empty Cage"],"picked":"Mark of Pain"}],"items_purged_floors":[2],"is_endless":false,"potions_floor_spawned":[11,12,13,19],"killed_by":"Snake Plant","ascension_level":15}