{"gold_per_floor":[115,115,115,140,165,165,200,200,200,243,87,103,178,212,212,311,311,332,345,359,359,384,425,425,456,537,580,601,187,228,34,34,132,132,146,146,165,185,251,285,285,329,354,385,399,433,456,112,112,112],"floor_reached":51,"playtime":2121,"items_purged":["Strike_R","Strike_R","Strike_R"],"score":1577,"play_id":"41e11b53-6fa4-4590-980c-698e3eb3288b","local_time":"20220830164400","is_ascension_mode":true,"campfire_choices":[{"data":"True Grit","floor":6.0,"key":"SMITH"},{"floor":8.0,"key":"REST"},{"data":"Uppercut","floor":15.0,"key":"SMITH"},{"data":"Corruption","floor":24.0,"key":"SMITH"},{"data":"Demon Form","floor":32.0,"key":"SMITH"},{"data":"Feel No Pain","floor":41.0,"key":"SMITH"},{"data":"Heavy Blade","floor":49,"key":"SMITH"}],"neow_cost":"NONE","seed_source_timestamp":229166641974000,"circlet_count":0,"master_deck":["AscendersBane","Strike_R","Defend_R","Defend_R","Defend_R","Defend_R","Bash+1","Twin Strike+1","True Grit+1","Demon Form+1","Reaper","Shrug It Off","Uppercut+1","Feel No Pain+1","Combust","Corruption+1","Havoc","Flame Barrier","Whirlwind+1","Spot Weakness","Seeing Red","Shrug It Off","Sword Boomerang","Flame Barrier","Rage","Master of Strategy","Limit Break","True Grit+1","Shockwave","Impervious","Feel No Pain+1","Twin Strike+1","Heavy Blade+1","Feel No Pain+1"],"special_seed":0,"relics":["Burning Blood","Golden Idol","Champion Belt","Thread and Needle","Potion Belt","PreservedInsect","Runic Dome","Calipers","Ancient Tea Set","Darkstone Periapt","Lizard Tail","Anchor","StoneCalendar","Snecko Eye","Torii","Bag of Preparation","Blue Candle","Bronze Scales","Ginger","Smiling Mask","DollysMirror"],"potions_floor_usage":[46,48,50,50],"damage_taken":[{"damage":8.0,"enemies":"2 Louse","floor":1.0,"turns":4.0},{"damage":1.0,"enemies":"Small Slimes","floor":4.0,"turns":4.0},{"damage":6.0,"enemies":"Cultist","floor":5.0,"turns":3.0},{"damage":45.0,"enemies":"3 Sentries","floor":7.0,"turns":7.0},{"damage":11.0,"enemies":"Lagavulin","floor":10.0,"turns":5.0},{"damage":5.0,"enemies":"Red Slaver","floor":12.0,"turns":7.0},{"damage":18.0,"enemies":"Gremlin Nob","floor":14.0,"turns":5.0},{"damage":17.0,"enemies":"Hexaghost","floor":16.0,"turns":8.0},{"damage":22.0,"enemies":"Shell Parasite","floor":18.0,"turns":7.0},{"damage":12.0,"enemies":"Chosen","floor":19.0,"turns":5.0},{"damage":17.0,"enemies":"Centurion and Healer","floor":20.0,"turns":7.0},{"damage":7.0,"enemies":"Snecko","floor":22.0,"turns":4.0},{"damage":44.0,"enemies":"Slavers","floor":23.0,"turns":5.0},{"damage":16.0,"enemies":"Book of Stabbing","floor":25.0,"turns":5.0},{"damage":18.0,"enemies":"Gremlin Leader","floor":27.0,"turns":6.0},{"damage":30.0,"enemies":"Sentry and Sphere","floor":28.0,"turns":7.0},{"damage":11.0,"enemies":"Book of Stabbing","floor":30.0,"turns":4.0},{"damage":72.0,"enemies":"Collector","floor":33.0,"turns":8.0},{"damage":0.0,"enemies":"3 Darklings","floor":35.0,"turns":3.0},{"damage":12.0,"enemies":"Orb Walker","floor":37.0,"turns":5.0},{"damage":30.0,"enemies":"3 Darklings","floor":38.0,"turns":4.0},{"damage":48.0,"enemies":"2 Orb Walkers","floor":39.0,"turns":6.0},{"damage":0.0,"enemies":"Reptomancer","floor":40.0,"turns":4.0},{"damage":17.0,"enemies":"Giant Head","floor":42.0,"turns":7.0},{"damage":8.0,"enemies":"Mind Bloom Boss Battle","floor":44.0,"turns":5.0},{"damage":12.0,"enemies":"Sphere and 2 Shapes","floor":45.0,"turns":6.0},{"damage":16,"enemies":"Reptomancer","floor":46,"turns":6},{"damage":4,"enemies":"Writhing Mass","floor":47,"turns":5},{"damage":0,"enemies":"Donu and Deca","floor":50,"turns":8}],"seed_played":"7008193080815813778","potions_obtained":[{"floor":5.0,"key":"BloodPotion"},{"floor":7.0,"key":"SkillPotion"},{"floor":10.0,"key":"EssenceOfSteel"},{"floor":14.0,"key":"Strength Potion"},{"floor":16.0,"key":"LiquidBronze"},{"floor":19.0,"key":"Swift Potion"},{"floor":25.0,"key":"Strength Potion"},{"floor":30.0,"key":"BloodPotion"},{"floor":33.0,"key":"PowerPotion"},{"floor":38.0,"key":"LiquidBronze"},{"floor":40.0,"key":"Swift Potion"},{"floor":44.0,"key":"GamblersBrew"},{"floor":45.0,"key":"Block Potion"},{"floor":46,"key":"SteroidPotion"}],"is_trial":false,"path_per_floor":["M","?","?","M","M","R","E","R","T","E","$","M","?","E","R","B",null,"M","M","M","?","M","E","R","E","T","E","M","$","E","$","R","B",null,"M","?","M","M","?","E","R","E","T","?","M","E","M","$","R","B",null],"character_chosen":"IRONCLAD","items_purchased":["Uppercut","Anchor","BloodPotion","Flame Barrier","LiquidBronze","Master of Strategy","DollysMirror","Fruit Juice","Block Potion"],"campfire_rested":1,"item_purchase_floors":[11,29,29,29,29,31,48,48,48],"current_hp_per_floor":[66,40,40,45,45,45,21,43,43,56,56,63,52,44,44,51,69,57,63,64,58,63,49,49,39,39,53,29,29,43,43,43,34,65,75,75,75,75,62,68,68,57,57,75,69,75,75,80,80,80],"gold":112,"neow_bonus":"UPGRADE_CARD","is_prod":false,"is_daily":false,"chose_seed":false,"campfire_upgraded":6,"win_rate":0,"timestamp":1661903040,"path_taken":["M","?","?","?","M","R","E","R","T","E","?","M","?","E","R","BOSS","M","M","M","?","M","E","R","E","T","E","M","$","E","?","R","BOSS","M","?","?","M","?","E","R","E","T","?","?","E","M","$","R","BOSS"],"build_version":"2022-03-07","purchased_purges":3,"victory":true,"max_hp_per_floor":[75,75,75,75,75,75,75,75,75,75,75,75,75,75,75,75,75,75,75,75,75,75,75,75,75,75,75,75,75,75,75,75,75,75,75,75,75,75,75,75,75,75,75,75,75,75,75,80,80,80],"relic_stats":{"Darkstone Periapt":0,"Calipers":[194],"Torii":12,"counters":[29,160],"Golden Idol":206,"Blue Candle":[0],"StoneCalendar":[104],"PreservedInsect":428,"Bag of Preparation":[12],"Ginger":[3],"Ancient Tea Set":[6],"Smiling Mask":75,"Burning Blood":136,"Lizard Tail":0,"Bronze Scales":[87],"Snecko Eye":[62,69,95,77,-86],"Champion Belt":[42],"obtain_stats":[{"Potion Belt":10,"Darkstone Periapt":26,"Calipers":23,"Torii":39,"Golden Idol":2,"Blue Candle":42,"Thread and Needle":9,"StoneCalendar":30,"PreservedInsect":14,"Bag of Preparation":40,"Ginger":44,"Ancient Tea Set":25,"Smiling Mask":46,"Burning Blood":0,"Runic Dome":17,"Lizard Tail":27,"Anchor":29,"DollysMirror":48,"Bronze Scales":43,"Snecko Eye":34,"Champion Belt":7},{"Potion Belt":5,"Darkstone Periapt":14,"Calipers":13,"Torii":22,"Golden Idol":1,"Blue Candle":24,"Thread and Needle":4,"StoneCalendar":17,"PreservedInsect":7,"Bag of Preparation":23,"Ginger":25,"Ancient Tea Set":14,"Smiling Mask":27,"Burning Blood":0,"Runic Dome":8,"Lizard Tail":15,"Anchor":16,"DollysMirror":28,"Bronze Scales":24,"Snecko Eye":18,"Champion Belt":4},{"Potion Belt":23,"Darkstone Periapt":76,"Calipers":71,"Torii":119,"Golden Idol":4,"Blue Candle":130,"Thread and Needle":18,"StoneCalendar":93,"PreservedInsect":35,"Bag of Preparation":123,"Ginger":135,"Ancient Tea Set":76,"Smiling Mask":147,"Burning Blood":0,"Runic Dome":43,"Lizard Tail":82,"Anchor":89,"DollysMirror":152,"Bronze Scales":130,"Snecko Eye":101,"Champion Belt":18}]},"card_choices":[{"not_picked":["Iron Wave","Clash"],"picked":"Twin Strike","floor":1.0},{"not_picked":["Sentinel","Thunderclap"],"picked":"True Grit","floor":4.0},{"not_picked":["Twin Strike","Shrug It Off"],"picked":"Demon Form","floor":5.0},{"not_picked":["Immolate","Perfected Strike"],"picked":"Reaper","floor":7.0},{"not_picked":["Double Tap","Clash"],"picked":"Shrug It Off","floor":10.0},{"not_picked":["Pommel Strike","Warcry"],"picked":"Feel No Pain","floor":12.0},{"not_picked":["Thunderclap","Heavy Blade"],"picked":"Combust","floor":14.0},{"not_picked":["Reaper","Barricade"],"picked":"Corruption","floor":16.0},{"not_picked":["True Grit","Wild Strike"],"picked":"Havoc","floor":18.0},{"not_picked":["Bloodletting","Rage"],"picked":"Flame Barrier","floor":19.0},{"not_picked":["Hemokinesis","Pummel"],"picked":"Whirlwind+1","floor":20.0},{"not_picked":["Headbutt","Perfected Strike"],"picked":"Spot Weakness","floor":22.0},{"not_picked":["Wild Strike","Warcry"],"picked":"Seeing Red","floor":23.0},{"not_picked":["Uppercut+1","Infernal Blade"],"picked":"Shrug It Off","floor":25.0},{"not_picked":["Clothesline","Wild Strike"],"picked":"Sword Boomerang","floor":27.0},{"not_picked":["Anger","Feel No Pain","Flex"],"picked":"SKIP","floor":28.0},{"not_picked":["Bludgeon","Sentinel"],"picked":"Rage","floor":30.0},{"not_picked":["Barricade","Demon Form"],"picked":"Limit Break","floor":33.0},{"not_picked":["Shrug It Off","Havoc","Carnage"],"picked":"SKIP","floor":35.0},{"not_picked":["Clash+1","Inflame"],"picked":"True Grit+1","floor":37.0},{"not_picked":["Wild Strike","Blood for Blood","Perfected Strike"],"picked":"SKIP","floor":38.0},{"not_picked":["Infernal Blade","Shrug It Off"],"picked":"Shockwave","floor":40.0},{"not_picked":["Warcry","Heavy Blade"],"picked":"Impervious","floor":42.0},{"not_picked":["Reckless Charge+1","Seeing Red"],"picked":"Feel No Pain+1","floor":45.0},{"not_picked":["Sever Soul","Twin Strike+1","Anger+1"],"picked":"SKIP","floor":46},{"not_picked":["Sever Soul","Anger+1"],"picked":"Twin Strike+1","floor":46},{"not_picked":["Seeing Red","Intimidate+1"],"picked":"Heavy Blade","floor":47}],"player_experience":5251358,"relics_obtained":[{"floor":7.0,"key":"Champion Belt"},{"floor":9.0,"key":"Thread and Needle"},{"floor":10.0,"key":"Potion Belt"},{"floor":14.0,"key":"PreservedInsect"},{"floor":23.0,"key":"Calipers"},{"floor":25.0,"key":"Ancient Tea Set"},{"floor":26.0,"key":"Darkstone Periapt"},{"floor":27.0,"key":"Lizard Tail"},{"floor":30.0,"key":"StoneCalendar"},{"floor":39.0,"key":"Torii"},{"floor":40.0,"key":"Bag of Preparation"},{"floor":42.0,"key":"Blue Candle"},{"floor":43.0,"key":"Bronze Scales"},{"floor":44.0,"key":"Ginger"},{"floor":46,"key":"Smiling Mask"}],"event_choices":[{"damage_healed":0.0,"max_hp_gain":0.0,"max_hp_loss":0.0,"gold_gain":0.0,"event_name":"Golden Idol","player_choice":"Take Damage","floor":2.0,"gold_loss":0.0,"damage_taken":26.0,"relics_obtained":["Golden Idol"]},{"damage_healed":0.0,"max_hp_gain":0.0,"max_hp_loss":0.0,"gold_gain":0.0,"event_name":"Upgrade Shrine","player_choice":"Upgraded","floor":3.0,"gold_loss":0.0,"damage_taken":0.0,"cards_upgraded":["Twin Strike"]},{"damage_healed":0.0,"max_hp_gain":0.0,"max_hp_loss":0.0,"gold_gain":75.0,"event_name":"World of Goop","player_choice":"Gather Gold","floor":13.0,"gold_loss":0.0,"damage_taken":11.0},{"damage_healed":0.0,"max_hp_gain":0.0,"max_hp_loss":0.0,"gold_gain":0.0,"event_name":"Knowing Skull","player_choice":"","floor":21.0,"potions_obtained":[],"gold_loss":0.0,"damage_taken":6.0,"cards_obtained":[]},{"cards_removed":["Strike_R"],"damage_healed":0.0,"max_hp_gain":0.0,"max_hp_loss":0.0,"gold_gain":0.0,"event_name":"Purifier","player_choice":"Purged","floor":36.0,"gold_loss":0.0,"damage_taken":0.0},{"damage_healed":0.0,"max_hp_gain":0.0,"max_hp_loss":0.0,"gold_gain":0.0,"event_name":"Mysterious Sphere","player_choice":"Fight","floor":39.0,"gold_loss":0.0,"damage_taken":0.0},{"damage_healed":0.0,"max_hp_gain":0.0,"max_hp_loss":0.0,"gold_gain":0.0,"event_name":"MindBloom","player_choice":"Fight","floor":44.0,"gold_loss":0.0,"damage_taken":0.0}],"is_beta":false,"boss_relics":[{"not_picked":["Tiny House","Calling Bell"],"picked":"Runic Dome"},{"not_picked":["Busted Crown","Mark of Pain"],"picked":"Snecko Eye"}],"items_purged_floors":[11,29,48],"is_endless":false,"potions_floor_spawned":[5,7,10,14,16,19,22,25,30,33,38,40,44,45,46,47],"ascension_level":15}