{"gold_per_floor":[112,131,151,162,237,237,257,284,284,284,284,318,337,362,362,441,441,458,458,383,403,422,422,449,449,449,449,474,474,474,490,490,564,564,584,599,599,453,463,493,63,91,117,129,157,157,15,29,29,29],"floor_reached":51,"playtime":2175,"items_purged":["Strike_R","Strike_R"],"score":1554,"play_id":"30ba5f0a-30e5-4f95-af82-611656bfc366","local_time":"20220829130519","is_ascension_mode":true,"campfire_choices":[{"data":"Immolate","floor":6,"key":"SMITH"},{"data":"True Grit","floor":11,"key":"SMITH"},{"data":"Uppercut","floor":15,"key":"SMITH"},{"data":"Dark Embrace","floor":23,"key":"SMITH"},{"data":"Corruption","floor":27,"key":"SMITH"},{"data":"Flame Barrier","floor":29,"key":"SMITH"},{"data":"Ghostly Armor","floor":32,"key":"SMITH"},{"data":"Barricade","floor":46,"key":"SMITH"},{"data":"Feel No Pain","floor":49,"key":"SMITH"}],"neow_cost":"PERCENT_DAMAGE","seed_source_timestamp":129758304436900,"circlet_count":0,"master_deck":["AscendersBane","Strike_R","Defend_R","Defend_R","Defend_R","Bash","Immolate+1","Wild Strike","Ghostly Armor+1","Headbutt","Uppercut+1","Shrug It Off","True Grit+1","Dark Embrace+1","Feed+1","Shrug It Off","Cleave","Shrug It Off+1","Corruption+1","Flame Barrier+1","Limit Break","Blood for Blood+1","Shrug It Off","Reaper","Barricade+1","Dual Wield+1","Second Wind+1","Feel No Pain+1","Shrug It Off"],"relics":["Burning Blood","StrikeDummy","Dead Branch","Sundial","Unceasing Top","Coffee Dripper","Red Skull","Lizard Tail","Toy Ornithopter","Mercury Hourglass","SacredBark","MealTicket","Potion Belt","Incense Burner","Centennial Puzzle","Lantern"],"potions_floor_usage":[8,14,16,21,24,39,42,45,50,50,50,50,50,50],"damage_taken":[{"damage":7,"enemies":"Jaw Worm","floor":1,"turns":2},{"damage":0,"enemies":"2 Louse","floor":2,"turns":1},{"damage":0,"enemies":"Cultist","floor":3,"turns":2},{"damage":0,"enemies":"2 Fungi Beasts","floor":4,"turns":2},{"damage":7,"enemies":"Exordium Thugs","floor":7,"turns":4},{"damage":8,"enemies":"Gremlin Nob","floor":8,"turns":3},{"damage":22,"enemies":"Lagavulin","floor":12,"turns":7},{"damage":4,"enemies":"Red Slaver","floor":13,"turns":4},{"damage":10,"enemies":"3 Sentries","floor":14,"turns":3},{"damage":4,"enemies":"Slime Boss","floor":16,"turns":7},{"damage":11,"enemies":"Spheric Guardian","floor":18,"turns":3},{"damage":4,"enemies":"3 Byrds","floor":21,"turns":5},{"damage":14,"enemies":"Shelled Parasite and Fungi","floor":22,"turns":6},{"damage":6,"enemies":"Book of Stabbing","floor":24,"turns":7},{"damage":25,"enemies":"Slavers","floor":28,"turns":3},{"damage":0,"enemies":"Centurion and Healer","floor":31,"turns":3},{"damage":18,"enemies":"Automaton","floor":33,"turns":7},{"damage":1,"enemies":"Orb Walker","floor":35,"turns":3},{"damage":0,"enemies":"3 Darklings","floor":36,"turns":4},{"damage":3,"enemies":"Maw","floor":39,"turns":8},{"damage":0,"enemies":"Giant Head","floor":40,"turns":7},{"damage":16,"enemies":"Reptomancer","floor":42,"turns":7},{"damage":8,"enemies":"Writhing Mass","floor":44,"turns":7},{"damage":1,"enemies":"Nemesis","floor":45,"turns":7},{"damage":25,"enemies":"Jaw Worm Horde","floor":48,"turns":3},{"damage":18,"enemies":"Awakened One","floor":50,"turns":8}],"seed_played":"-7987771525064518598","potions_obtained":[{"floor":3,"key":"SmokeBomb"},{"floor":7,"key":"GamblersBrew"},{"floor":12,"key":"Weak Potion"},{"floor":13,"key":"LiquidBronze"},{"floor":14,"key":"SteroidPotion"},{"floor":21,"key":"SkillPotion"},{"floor":22,"key":"FearPotion"},{"floor":35,"key":"BlessingOfTheForge"},{"floor":45,"key":"Weak Potion"}],"is_trial":false,"path_per_floor":["M","M","M","M","?","R","M","E","T","?","R","E","M","E","R","B",null,"M","?","?","M","M","R","E","T","T","R","E","R","?","M","R","B",null,"M","M","?","$","M","E","$","E","T","M","E","R","$","M","R","B",null],"character_chosen":"IRONCLAD","items_purchased":["Reaper","DuplicationPotion","Potion Belt","Block Potion","Energy Potion","Feel No Pain","EntropicBrew"],"campfire_rested":0,"item_purchase_floors":[38,41,41,41,41,47,47],"current_hp_per_floor":[49,55,61,67,56,56,55,53,53,46,46,30,32,28,28,30,64,59,59,59,64,56,56,56,56,56,56,37,37,37,47,47,35,70,75,85,85,85,90,90,90,88,88,88,90,90,90,75,75,93],"gold":29,"neow_bonus":"THREE_RARE_CARDS","is_prod":false,"is_daily":false,"chose_seed":false,"campfire_upgraded":9,"win_rate":0,"timestamp":1661803519,"path_taken":["M","M","M","M","?","R","M","E","T","?","R","E","M","E","R","BOSS","M","?","?","M","M","R","E","?","T","R","E","R","?","M","R","BOSS","M","?","?","?","M","E","$","E","T","M","E","R","$","M","R","BOSS"],"build_version":"2022-03-07","purchased_purges":2,"victory":true,"max_hp_per_floor":[75,75,75,75,75,75,75,75,75,75,75,75,75,75,75,75,75,75,75,75,78,78,78,78,78,78,78,78,78,78,82,82,82,82,82,86,86,86,90,90,90,90,90,90,90,90,90,94,94,94],"relic_stats":{"Lizard Tail":0,"Centennial Puzzle":[12],"counters":[26,123],"Sundial":[16],"Dead Branch":[217],"MealTicket":0,"obtain_stats":[{"Potion Belt":41,"Lantern":45,"Dead Branch":9,"SacredBark":34,"Incense Burner":42,"Burning Blood":0,"Mercury Hourglass":28,"Lizard Tail":25,"Centennial Puzzle":43,"Sundial":12,"MealTicket":40,"Coffee Dripper":17,"StrikeDummy":8,"Unceasing Top":14,"Red Skull":24,"Toy Ornithopter":26},{"Potion Belt":21,"Lantern":24,"Dead Branch":6,"SacredBark":17,"Incense Burner":22,"Burning Blood":0,"Mercury Hourglass":15,"Lizard Tail":14,"Centennial Puzzle":22,"Sundial":7,"MealTicket":21,"Coffee Dripper":10,"StrikeDummy":6,"Unceasing Top":9,"Red Skull":14,"Toy Ornithopter":14},{"Potion Belt":91,"Lantern":112,"Dead Branch":14,"SacredBark":69,"Incense Burner":98,"Burning Blood":0,"Mercury Hourglass":59,"Lizard Tail":56,"Centennial Puzzle":98,"Sundial":21,"MealTicket":91,"Coffee Dripper":35,"StrikeDummy":14,"Unceasing Top":28,"Red Skull":56,"Toy Ornithopter":56}],"Burning Blood":142,"Unceasing Top":[0],"Toy Ornithopter":33,"Mercury Hourglass":[235]},"card_choices":[{"not_picked":["Brutality","Barricade"],"picked":"Immolate","floor":0},{"not_picked":["Body Slam","Havoc"],"picked":"Wild Strike","floor":1},{"not_picked":["Dual Wield","Sentinel"],"picked":"Ghostly Armor","floor":2},{"not_picked":["Power Through","Sword Boomerang"],"picked":"Headbutt","floor":3},{"not_picked":["Ghostly Armor","Havoc"],"picked":"Uppercut","floor":4},{"not_picked":["Whirlwind","Armaments"],"picked":"Shrug It Off","floor":7},{"not_picked":["Warcry","Berserk"],"picked":"True Grit","floor":8},{"not_picked":["Anger","Seeing Red"],"picked":"Dark Embrace","floor":12},{"not_picked":["Clothesline","Heavy Blade","Clash"],"picked":"SKIP","floor":13},{"not_picked":["Heavy Blade","Reckless Charge","Clothesline"],"picked":"SKIP","floor":14},{"not_picked":["Brutality","Berserk"],"picked":"Feed","floor":16},{"not_picked":["Clothesline+1","Headbutt"],"picked":"Shrug It Off","floor":18},{"not_picked":["Headbutt","Heavy Blade"],"picked":"Cleave","floor":21},{"not_picked":["Anger","Headbutt"],"picked":"Shrug It Off+1","floor":22},{"not_picked":["True Grit","Clothesline"],"picked":"Corruption","floor":24},{"not_picked":["Headbutt","Carnage"],"picked":"Flame Barrier","floor":28},{"not_picked":["Evolve","Warcry","Armaments"],"picked":"SKIP","floor":31},{"not_picked":["Double Tap","Brutality"],"picked":"Limit Break","floor":33},{"not_picked":["Heavy Blade","Thunderclap"],"picked":"Blood for Blood+1","floor":35},{"not_picked":["Pommel Strike","Twin Strike"],"picked":"Shrug It Off","floor":36},{"not_picked":["Anger+1","Pommel Strike"],"picked":"Barricade","floor":39},{"not_picked":["Iron Wave+1","Pommel Strike","Rage"],"picked":"SKIP","floor":40},{"not_picked":["Perfected Strike","Havoc","Headbutt"],"picked":"SKIP","floor":42},{"not_picked":["Thunderclap","Uppercut+1"],"picked":"Dual Wield+1","floor":44},{"not_picked":["Sword Boomerang","Shrug It Off"],"picked":"Second Wind+1","floor":45},{"not_picked":["Wild Strike","Heavy Blade"],"picked":"Shrug It Off","floor":48}],"player_experience":5244512,"relics_obtained":[{"floor":8,"key":"StrikeDummy"},{"floor":9,"key":"Dead Branch"},{"floor":12,"key":"Sundial"},{"floor":14,"key":"Unceasing Top"},{"floor":24,"key":"Red Skull"},{"floor":25,"key":"Lizard Tail"},{"floor":26,"key":"Toy Ornithopter"},{"floor":28,"key":"Mercury Hourglass"},{"floor":40,"key":"MealTicket"},{"floor":42,"key":"Incense Burner"},{"floor":43,"key":"Centennial Puzzle"},{"floor":45,"key":"Lantern"}],"event_choices":[{"damage_healed":0,"gold_gain":75,"player_choice":"Gather Gold","damage_taken":11,"max_hp_gain":0,"max_hp_loss":0,"event_name":"World of Goop","floor":5,"gold_loss":0},{"cards_removed":["Strike_R"],"damage_healed":0,"gold_gain":0,"player_choice":"Card Removal","damage_taken":7,"max_hp_gain":0,"max_hp_loss":0,"event_name":"Golden Wing","floor":10,"gold_loss":0},{"damage_healed":0,"gold_gain":0,"player_choice":"Ignored","damage_taken":0,"max_hp_gain":0,"max_hp_loss":0,"event_name":"The Mausoleum","floor":19,"gold_loss":0},{"cards_removed":["Strike_R"],"damage_healed":0,"gold_gain":0,"player_choice":"Gave Gold","damage_taken":0,"max_hp_gain":0,"max_hp_loss":0,"event_name":"Beggar","floor":20,"gold_loss":75},{"damage_healed":0,"gold_gain":0,"player_choice":"Forge","damage_taken":0,"max_hp_gain":0,"max_hp_loss":0,"event_name":"Accursed Blacksmith","floor":30,"gold_loss":0,"cards_upgraded":["Feed"]},{"cards_removed":["Defend_R"],"damage_healed":0,"gold_gain":0,"player_choice":"Removed Skill","damage_taken":0,"max_hp_gain":0,"max_hp_loss":0,"event_name":"Falling","floor":37,"gold_loss":0}],"is_beta":false,"boss_relics":[{"not_picked":["Velvet Choker","Sozu"],"picked":"Coffee Dripper"},{"not_picked":["Runic Cube","Tiny House"],"picked":"SacredBark"}],"items_purged_floors":[38,41],"is_endless":false,"potions_floor_spawned":[3,7,12,13,14,21,22,35,36,45],"ascension_level":15}