{"gold_per_floor":[112,127,140,13,13,48,63,63,63,96,19,50,50,61,61,138,138,148,148,167,92,92,120,120,148,148,74,74,124,154,170,170,246,246,266,266,285,299,299,299,325,353,353,379,7,7,27,57,57,57],"floor_reached":51,"playtime":2299,"items_purged":["Strike_R"],"score":1650,"play_id":"f7b186f4-fcb5-4d57-ab16-134338e42bc9","local_time":"20220822182147","is_ascension_mode":true,"campfire_choices":[{"data":"Armaments","floor":13.0,"key":"SMITH"},{"data":"Feel No Pain","floor":15.0,"key":"SMITH"},{"data":"Juggernaut","floor":24.0,"key":"SMITH"},{"floor":28.0,"key":"REST"},{"data":"Metallicize","floor":32,"key":"SMITH"},{"floor":40,"key":"REST"},{"data":"Shockwave","floor":46,"key":"SMITH"},{"data":"Offering","floor":49,"key":"SMITH"}],"neow_cost":"TEN_PERCENT_HP_LOSS","seed_source_timestamp":35089255305100,"circlet_count":0,"master_deck":["AscendersBane","Strike_R+1","Strike_R+1","Defend_R","Defend_R","Defend_R","Defend_R","Heavy Blade","Fire Breathing","Armaments+1","Carnage","Battle Trance","Sword Boomerang","Second Wind","Feel No Pain+1","Flame Barrier","Offering+1","True Grit","Dual Wield","Juggernaut+1","Body Slam","Metallicize+1","Fiend Fire","CurseOfTheBell","Dark Embrace","Flame Barrier+1","Blood for Blood+1","True Grit+1","Shrug It Off","Shockwave+1","Feel No Pain"],"special_seed":0,"relics":["Burning Blood","Pocketwatch","Whetstone","Mercury Hourglass","Dead Branch","Charon\u0027s Ashes","Velvet Choker","Blue Candle","Nunchaku","Art of War","Ornamental Fan","Calling Bell","Centennial Puzzle","The Courier","WingedGreaves","Paper Frog","Magic Flower","Pear","Lantern","ClockworkSouvenir","PreservedInsect"],"potions_floor_usage":[33,38,42,50,50],"damage_taken":[{"damage":0.0,"enemies":"2 Louse","floor":1.0,"turns":4.0},{"damage":1.0,"enemies":"Cultist","floor":2.0,"turns":4.0},{"damage":2.0,"enemies":"Jaw Worm","floor":3.0,"turns":3.0},{"damage":20.0,"enemies":"3 Sentries","floor":6.0,"turns":4.0},{"damage":7.0,"enemies":"Exordium Thugs","floor":7.0,"turns":3.0},{"damage":10.0,"enemies":"Lagavulin","floor":10.0,"turns":3.0},{"damage":10.0,"enemies":"3 Sentries","floor":12.0,"turns":4.0},{"damage":13.0,"enemies":"Large Slime","floor":14.0,"turns":5.0},{"damage":0.0,"enemies":"Slime Boss","floor":16.0,"turns":7.0},{"damage":1.0,"enemies":"Shell Parasite","floor":18.0,"turns":8.0},{"damage":6.0,"enemies":"3 Byrds","floor":20.0,"turns":4.0},{"damage":34.0,"enemies":"Slavers","floor":23.0,"turns":6.0},{"damage":19.0,"enemies":"Gremlin Leader","floor":25.0,"turns":6.0},{"damage":6,"enemies":"Slavers","floor":30,"turns":3},{"damage":0,"enemies":"3 Cultists","floor":31,"turns":3},{"damage":14,"enemies":"Automaton","floor":33,"turns":8},{"damage":28,"enemies":"3 Shapes","floor":35,"turns":3},{"damage":2,"enemies":"Orb Walker","floor":37,"turns":2},{"damage":9,"enemies":"4 Shapes","floor":38,"turns":2},{"damage":8,"enemies":"Reptomancer","floor":41,"turns":3},{"damage":22,"enemies":"Nemesis","floor":42,"turns":5},{"damage":11,"enemies":"Giant Head","floor":44,"turns":6},{"damage":6,"enemies":"Sphere and 2 Shapes","floor":47,"turns":1},{"damage":6,"enemies":"Reptomancer","floor":48,"turns":6},{"damage":39,"enemies":"Awakened One","floor":50,"turns":9}],"seed_played":"-1950552803652787842","potions_obtained":[{"floor":6.0,"key":"Explosive Potion"},{"floor":7.0,"key":"DistilledChaos"},{"floor":10.0,"key":"DuplicationPotion"},{"floor":16.0,"key":"ColorlessPotion"},{"floor":18.0,"key":"Block Potion"},{"floor":20.0,"key":"Regen Potion"},{"floor":35,"key":"EssenceOfSteel"},{"floor":44,"key":"HeartOfIron"}],"is_trial":false,"path_per_floor":["M","M","M","$","?","E","M","$","T","E","$","E","R","M","R","B",null,"M","?","M","?","$","E","R","E","T","$","R","?","E","M","R","B",null,"M","?","M","M","?","R","E","E","T","E","$","R","M","E","R","B",null],"character_chosen":"IRONCLAD","items_purchased":["Carnage","FearPotion","Feel No Pain","EssenceOfSteel","Shrug It Off","Shockwave","ClockworkSouvenir","Feel No Pain","SteroidPotion"],"campfire_rested":2,"item_purchase_floors":[4,4,11,27,45,45,45,45,45],"current_hp_per_floor":[68,68,68,68,68,54,53,53,53,49,49,45,45,38,38,44,62,67,67,67,67,67,50,50,37,37,37,57,51,51,57,57,49,63,41,41,45,42,42,62,60,44,54,52,52,52,55,58,58,28],"gold":57,"neow_bonus":"ONE_RARE_RELIC","is_prod":false,"is_daily":false,"chose_seed":false,"campfire_upgraded":6,"win_rate":0,"timestamp":1661217707,"path_taken":["M","M","M","$","?","E","?","$","T","E","?","E","R","M","R","BOSS","M","?","M","?","$","E","R","E","T","$","R","?","E","M","R","BOSS","M","?","M","M","?","R","E","E","T","E","$","R","M","E","R","BOSS"],"build_version":"2022-03-07","purchased_purges":1,"victory":true,"max_hp_per_floor":[68,68,68,68,68,68,68,68,68,68,68,68,68,68,68,68,68,68,68,68,68,68,68,68,68,68,68,68,68,68,68,68,68,68,68,68,68,68,68,68,68,68,78,78,78,78,78,78,78,78],"relic_stats":{"counters":[25,112],"Dead Branch":[203],"Blue Candle":[0],"Magic Flower":[12],"Charon\u0027s Ashes":[880],"The Courier":93,"PreservedInsect":0,"Whetstone":["Strike_R","Strike_R"],"Burning Blood":147,"Mercury Hourglass":[427],"Nunchaku":[3],"Centennial Puzzle":[27],"Ornamental Fan":[4],"WingedGreaves":1,"Art of War":[23],"obtain_stats":[{"Lantern":44,"Pear":43,"Dead Branch":10,"Blue Candle":23,"Velvet Choker":17,"Magic Flower":42,"Charon\u0027s Ashes":12,"The Courier":34,"PreservedInsect":48,"Whetstone":6,"Burning Blood":0,"Mercury Hourglass":9,"ClockworkSouvenir":45,"Calling Bell":34,"Nunchaku":25,"Centennial Puzzle":34,"Ornamental Fan":30,"WingedGreaves":34,"Art of War":26,"Pocketwatch":0,"Paper Frog":41},{"Lantern":22,"Pear":21,"Dead Branch":6,"Blue Candle":12,"Velvet Choker":9,"Magic Flower":21,"Charon\u0027s Ashes":7,"The Courier":16,"PreservedInsect":24,"Whetstone":4,"Burning Blood":0,"Mercury Hourglass":5,"ClockworkSouvenir":22,"Calling Bell":16,"Nunchaku":13,"Centennial Puzzle":16,"Ornamental Fan":14,"WingedGreaves":16,"Art of War":13,"Pocketwatch":0,"Paper Frog":20},{"Lantern":96,"Pear":90,"Dead Branch":21,"Blue Candle":55,"Velvet Choker":37,"Magic Flower":90,"Charon\u0027s Ashes":25,"The Courier":75,"PreservedInsect":103,"Whetstone":15,"Burning Blood":0,"Mercury Hourglass":18,"ClockworkSouvenir":96,"Calling Bell":75,"Nunchaku":61,"Centennial Puzzle":75,"Ornamental Fan":64,"WingedGreaves":75,"Art of War":61,"Pocketwatch":0,"Paper Frog":85}],"Pocketwatch":[199]},"card_choices":[{"not_picked":["Pommel Strike","Havoc"],"picked":"Heavy Blade","floor":1.0},{"not_picked":["Cleave","Twin Strike"],"picked":"Fire Breathing","floor":2.0},{"not_picked":["Body Slam","Flex"],"picked":"Armaments","floor":3.0},{"not_picked":["Warcry","Reckless Charge"],"picked":"Battle Trance","floor":6.0},{"not_picked":["Heavy Blade","Pummel"],"picked":"Sword Boomerang","floor":7.0},{"not_picked":["Warcry","Clash"],"picked":"Second Wind","floor":10.0},{"not_picked":["Anger","Searing Blow"],"picked":"Flame Barrier","floor":12.0},{"not_picked":["Headbutt","Pommel Strike","Twin Strike"],"picked":"SKIP","floor":14.0},{"not_picked":["Double Tap","Barricade"],"picked":"Offering","floor":16.0},{"not_picked":["Thunderclap+1","Sever Soul"],"picked":"True Grit","floor":18.0},{"not_picked":["Clash","True Grit"],"picked":"Dual Wield","floor":20.0},{"not_picked":["Shockwave","Perfected Strike"],"picked":"Juggernaut","floor":23.0},{"not_picked":["Combust","Carnage","Twin Strike"],"picked":"SKIP","floor":25.0},{"not_picked":["Pommel Strike","Rage"],"picked":"Body Slam","floor":30},{"not_picked":["Entrench","Shrug It Off"],"picked":"Metallicize","floor":31},{"not_picked":["Bludgeon","Impervious"],"picked":"Fiend Fire","floor":33},{"not_picked":["Clothesline","Uppercut"],"picked":"Dark Embrace","floor":35},{"not_picked":["Anger","Wild Strike+1","Uppercut"],"picked":"SKIP","floor":37},{"not_picked":["Twin Strike+1","Pummel","Intimidate"],"picked":"SKIP","floor":38},{"not_picked":["Warcry+1","Rage"],"picked":"Flame Barrier+1","floor":41},{"not_picked":["Thunderclap+1","Anger+1"],"picked":"Blood for Blood+1","floor":42},{"not_picked":["Clothesline","Feel No Pain+1"],"picked":"True Grit+1","floor":44},{"not_picked":["Clothesline","Dark Embrace","Cleave+1"],"picked":"SKIP","floor":47},{"not_picked":["Whirlwind","Clothesline","Pummel"],"picked":"SKIP","floor":48}],"player_experience":5233283,"relics_obtained":[{"floor":6.0,"key":"Whetstone"},{"floor":9.0,"key":"Mercury Hourglass"},{"floor":10.0,"key":"Dead Branch"},{"floor":12.0,"key":"Charon\u0027s Ashes"},{"floor":23.0,"key":"Blue Candle"},{"floor":25.0,"key":"Nunchaku"},{"floor":26.0,"key":"Art of War"},{"floor":30,"key":"Ornamental Fan"},{"floor":34,"key":"Centennial Puzzle"},{"floor":34,"key":"The Courier"},{"floor":34,"key":"WingedGreaves"},{"floor":41,"key":"Paper Frog"},{"floor":42,"key":"Magic Flower"},{"floor":43,"key":"Pear"},{"floor":44,"key":"Lantern"},{"floor":48,"key":"PreservedInsect"}],"event_choices":[{"cards_removed":["Strike_R"],"damage_healed":0.0,"max_hp_gain":0.0,"max_hp_loss":0.0,"gold_gain":0.0,"event_name":"Purifier","player_choice":"Purged","floor":5.0,"gold_loss":0.0,"damage_taken":0.0},{"damage_healed":0.0,"max_hp_gain":0.0,"max_hp_loss":0.0,"gold_gain":0.0,"event_name":"The Mausoleum","player_choice":"Ignored","floor":19.0,"gold_loss":0.0,"damage_taken":0.0},{"cards_removed":["Strike_R"],"damage_healed":0.0,"max_hp_gain":0.0,"max_hp_loss":0.0,"gold_gain":0.0,"event_name":"Beggar","player_choice":"Gave Gold","floor":21.0,"gold_loss":75.0,"damage_taken":0.0},{"damage_healed":0,"gold_gain":50,"player_choice":"Touch","damage_taken":6,"max_hp_gain":0,"max_hp_loss":0,"event_name":"FaceTrader","floor":29,"gold_loss":0},{"damage_healed":0,"gold_gain":0,"player_choice":"Ignored","damage_taken":0,"max_hp_gain":0,"max_hp_loss":0,"event_name":"Mysterious Sphere","floor":36,"gold_loss":0},{"cards_removed":["Bash"],"damage_healed":0,"gold_gain":0,"player_choice":"Removed Attack","damage_taken":0,"max_hp_gain":0,"max_hp_loss":0,"event_name":"Falling","floor":39,"gold_loss":0}],"is_beta":false,"boss_relics":[{"not_picked":["Black Blood","Runic Dome"],"picked":"Velvet Choker"},{"not_picked":["Pandora\u0027s Box","Astrolabe"],"picked":"Calling Bell"}],"items_purged_floors":[45],"is_endless":false,"potions_floor_spawned":[6,7,10,16,18,20,35,37,44],"ascension_level":15}