{"gold_per_floor":[109,109,23,38,38,38,69,69,92,124,124,17,29,40,40,113,113,127,152,163,88,107,139,165,182,206,206,231,231,47,65,65,141,141,157,31,50,50,50,50,85,85,85,85,103,135,155,165,165,165],"floor_reached":51,"playtime":1673,"items_purged":["Strike_R","Strike_R"],"score":1305,"play_id":"98602c4e-eba9-4d7c-b773-e0c6c2631c36","local_time":"20220828211428","is_ascension_mode":true,"campfire_choices":[{"data":"Blood for Blood","floor":6.0,"key":"SMITH"},{"data":"Bash","floor":8.0,"key":"SMITH"},{"data":"Hemokinesis","floor":15.0,"key":"SMITH"},{"floor":27.0,"key":"REST"},{"data":"Spot Weakness","floor":29.0,"key":"SMITH"},{"floor":32.0,"key":"REST"},{"data":"Feel No Pain","floor":40,"key":"SMITH"},{"floor":44,"key":"REST"},{"floor":49,"key":"REST"}],"neow_cost":"PERCENT_DAMAGE","seed_source_timestamp":73142215505400,"circlet_count":0,"master_deck":["AscendersBane","Strike_R","Strike_R","Defend_R","Defend_R","Defend_R","Defend_R","Bash+1","Pommel Strike","Blood for Blood+1","Sword Boomerang","Iron Wave","Flame Barrier","Hemokinesis+1","Shockwave+1","Feel No Pain+1","Shrug It Off","Impervious","Spot Weakness+1","Heavy Blade","Whirlwind","Second Wind","Clothesline+1","Dark Embrace","Sword Boomerang","Impervious","Shrug It Off","Inflame","Rupture+1","Twin Strike+1"],"special_seed":0,"relics":["Burning Blood","Vajra","Nunchaku","Blood Vial","Akabeko","Philosopher\u0027s Stone","Omamori","Mummified Hand","Red Mask","Centennial Puzzle","Self Forming Clay","Velvet Choker","Strawberry","Blue Candle","Pen Nib"],"potions_floor_usage":[50,50],"damage_taken":[{"damage":7.0,"enemies":"2 Louse","floor":1.0,"turns":4.0},{"damage":1.0,"enemies":"Cultist","floor":4.0,"turns":3.0},{"damage":20.0,"enemies":"3 Sentries","floor":7.0,"turns":5.0},{"damage":5.0,"enemies":"Gremlin Nob","floor":10.0,"turns":3.0},{"damage":0.0,"enemies":"Jaw Worm","floor":13.0,"turns":3.0},{"damage":2.0,"enemies":"3 Louse","floor":14.0,"turns":2.0},{"damage":48.0,"enemies":"Hexaghost","floor":16.0,"turns":9.0},{"damage":6.0,"enemies":"Chosen","floor":18.0,"turns":3.0},{"damage":17.0,"enemies":"Spheric Guardian","floor":20.0,"turns":4.0},{"damage":15.0,"enemies":"Shelled Parasite and Fungi","floor":22.0,"turns":3.0},{"damage":35.0,"enemies":"Slavers","floor":23.0,"turns":7.0},{"damage":19.0,"enemies":"Masked Bandits","floor":24.0,"turns":4.0},{"damage":2.0,"enemies":"Centurion and Healer","floor":25.0,"turns":6.0},{"damage":8.0,"enemies":"Gremlin Leader","floor":28.0,"turns":5.0},{"damage":2.0,"enemies":"Snake Plant","floor":31.0,"turns":1.0},{"damage":83.0,"enemies":"Collector","floor":33.0,"turns":13.0},{"damage":0.0,"enemies":"3 Shapes","floor":35.0,"turns":4.0},{"damage":20,"enemies":"3 Darklings","floor":37,"turns":3},{"damage":48,"enemies":"Reptomancer","floor":41,"turns":6},{"damage":0,"enemies":"Jaw Worm Horde","floor":45,"turns":2},{"damage":19,"enemies":"Giant Head","floor":46,"turns":6},{"damage":35,"enemies":"Sphere and 2 Shapes","floor":47,"turns":7},{"damage":16,"enemies":"Spire Growth","floor":48,"turns":4},{"damage":51,"enemies":"Awakened One","floor":50,"turns":10}],"seed_played":"6622372329621996303","potions_obtained":[{"floor":4.0,"key":"FearPotion"},{"floor":11.0,"key":"Ancient Potion"},{"floor":11.0,"key":"SneckoOil"},{"floor":14.0,"key":"HeartOfIron"},{"floor":23.0,"key":"Dexterity Potion"},{"floor":24.0,"key":"LiquidMemories"},{"floor":25.0,"key":"DistilledChaos"},{"floor":31.0,"key":"Swift Potion"},{"floor":33.0,"key":"FearPotion"},{"floor":41,"key":"FearPotion"},{"floor":47,"key":"AttackPotion"}],"is_trial":false,"path_per_floor":["M","?","$","M","?","R","E","R","T","E","?","$","M","M","R","B",null,"M","T","M","$","M","E","?","M","T","R","E","R","$","M","R","B",null,"M","$","M","?","?","R","E","?","T","R","M","E","M","M","R","B",null],"character_chosen":"IRONCLAD","items_purchased":["Blood for Blood","Fire Potion","Hemokinesis","Shockwave","Dark Embrace","Dexterity Potion","Inflame","SpeedPotion"],"campfire_rested":4,"item_purchase_floors":[3,3,12,12,30,30,36,36],"current_hp_per_floor":[63,63,63,68,63,63,49,49,49,52,52,52,60,66,66,26,73,75,75,66,66,59,32,21,27,27,53,53,53,53,59,85,10,69,77,77,65,83,83,83,50,50,50,78,86,75,48,40,68,25],"gold":165,"neow_bonus":"TWENTY_PERCENT_HP_BONUS","is_prod":false,"is_daily":false,"chose_seed":false,"campfire_upgraded":5,"win_rate":0,"timestamp":1661746468,"path_taken":["M","?","?","M","?","R","E","R","T","E","?","$","M","M","R","BOSS","M","?","M","$","?","E","?","M","T","R","E","R","$","M","R","BOSS","M","$","M","?","?","R","E","?","T","R","M","E","?","M","R","BOSS"],"build_version":"2022-03-07","purchased_purges":2,"victory":true,"max_hp_per_floor":[89,89,89,89,89,89,89,89,89,89,89,89,89,89,89,89,89,89,89,89,89,89,89,89,89,89,89,89,89,89,89,89,89,89,89,89,89,89,89,89,96,96,96,96,96,96,96,96,96,96],"relic_stats":{"Blood Vial":42,"Nunchaku":[18],"Centennial Puzzle":[27],"counters":[24,117],"Mummified Hand":[40],"Self Forming Clay":[93],"Blue Candle":[0],"Pen Nib":[3],"Omamori":1,"obtain_stats":[{"Self Forming Clay":28,"Blue Candle":43,"Vajra":5,"Velvet Choker":34,"Pen Nib":46,"Omamori":19,"Burning Blood":0,"Akabeko":10,"Blood Vial":9,"Nunchaku":7,"Centennial Puzzle":26,"Mummified Hand":23,"Strawberry":41,"Philosopher\u0027s Stone":17,"Red Mask":24},{"Self Forming Clay":14,"Blue Candle":19,"Vajra":2,"Velvet Choker":16,"Pen Nib":21,"Omamori":8,"Burning Blood":0,"Akabeko":4,"Blood Vial":3,"Nunchaku":3,"Centennial Puzzle":13,"Mummified Hand":11,"Strawberry":19,"Philosopher\u0027s Stone":7,"Red Mask":12},{"Self Forming Clay":61,"Blue Candle":88,"Vajra":7,"Velvet Choker":75,"Pen Nib":96,"Omamori":32,"Burning Blood":0,"Akabeko":15,"Blood Vial":12,"Nunchaku":12,"Centennial Puzzle":56,"Mummified Hand":46,"Strawberry":88,"Philosopher\u0027s Stone":29,"Red Mask":50}],"Burning Blood":144},"card_choices":[{"not_picked":["Havoc","True Grit"],"picked":"Pommel Strike","floor":1.0},{"not_picked":["Warcry","Havoc"],"picked":"Sword Boomerang","floor":4.0},{"not_picked":["Bludgeon","Clash"],"picked":"Iron Wave","floor":7.0},{"not_picked":["Clash","Havoc"],"picked":"Flame Barrier","floor":10.0},{"not_picked":["Second Wind","Havoc"],"picked":"Feel No Pain","floor":13.0},{"not_picked":["Headbutt","Sword Boomerang"],"picked":"Shrug It Off","floor":14.0},{"not_picked":["Brutality","Double Tap"],"picked":"Impervious","floor":16.0},{"not_picked":["Blood for Blood","Battle Trance"],"picked":"Spot Weakness","floor":18.0},{"not_picked":["Headbutt","Havoc"],"picked":"Heavy Blade","floor":20.0},{"not_picked":["Shrug It Off","Power Through"],"picked":"Whirlwind","floor":22.0},{"not_picked":["Shrug It Off","Infernal Blade"],"picked":"Second Wind","floor":23.0},{"not_picked":["Cleave","Bludgeon","Perfected Strike"],"picked":"SKIP","floor":25.0},{"not_picked":["Searing Blow","Perfected Strike"],"picked":"Clothesline+1","floor":28.0},{"not_picked":["Thunderclap","Entrench"],"picked":"Sword Boomerang","floor":31.0},{"not_picked":["Brutality","Barricade"],"picked":"Impervious","floor":33.0},{"not_picked":["Iron Wave","Thunderclap"],"picked":"Shrug It Off","floor":35.0},{"not_picked":["Power Through","Armaments"],"picked":"Rupture+1","floor":37},{"not_picked":["Thunderclap","Warcry"],"picked":"Twin Strike+1","floor":41},{"not_picked":["Rampage","Headbutt","Anger"],"picked":"SKIP","floor":45},{"not_picked":["Shrug It Off","Second Wind","Havoc"],"picked":"SKIP","floor":46},{"not_picked":["Wild Strike+1","Thunderclap+1","Immolate"],"picked":"SKIP","floor":47},{"not_picked":["Wild Strike+1","Thunderclap+1","Immolate"],"picked":"SKIP","floor":47},{"not_picked":["Flex+1","Cleave+1","Body Slam"],"picked":"SKIP","floor":48}],"player_experience":5242839,"relics_obtained":[{"floor":7.0,"key":"Nunchaku"},{"floor":9.0,"key":"Blood Vial"},{"floor":10.0,"key":"Akabeko"},{"floor":19.0,"key":"Omamori"},{"floor":23.0,"key":"Mummified Hand"},{"floor":24.0,"key":"Red Mask"},{"floor":26.0,"key":"Centennial Puzzle"},{"floor":28.0,"key":"Self Forming Clay"},{"floor":41,"key":"Strawberry"},{"floor":43,"key":"Blue Candle"},{"floor":46,"key":"Pen Nib"}],"event_choices":[{"cards_removed":["Strike_R"],"damage_healed":0.0,"max_hp_gain":0.0,"max_hp_loss":0.0,"gold_gain":0.0,"event_name":"Purifier","player_choice":"Purged","floor":2.0,"gold_loss":0.0,"damage_taken":0.0},{"damage_healed":0.0,"max_hp_gain":0.0,"max_hp_loss":0.0,"gold_gain":0.0,"event_name":"Scrap Ooze","player_choice":"Success","floor":5.0,"gold_loss":0.0,"damage_taken":5.0,"relics_obtained":["Vajra"]},{"damage_healed":0.0,"max_hp_gain":0.0,"max_hp_loss":0.0,"gold_gain":0.0,"event_name":"Lab","player_choice":"Got Potions","floor":11.0,"gold_loss":0.0,"damage_taken":0.0},{"damage_healed":0.0,"max_hp_gain":0.0,"max_hp_loss":0.0,"gold_gain":0.0,"event_name":"Masked Bandits","player_choice":"Fought Bandits","floor":24.0,"gold_loss":0.0,"damage_taken":0.0},{"damage_healed":18,"gold_gain":0,"player_choice":"Writhe","damage_taken":0,"max_hp_gain":0,"max_hp_loss":0,"event_name":"Winding Halls","floor":38,"gold_loss":0,"cards_obtained":["Writhe"]},{"damage_healed":0,"gold_gain":0,"player_choice":"Memory 1","damage_taken":0,"max_hp_gain":0,"max_hp_loss":0,"event_name":"SensoryStone","floor":39,"gold_loss":0},{"damage_healed":0,"gold_gain":0,"player_choice":"Upgraded","damage_taken":0,"max_hp_gain":0,"max_hp_loss":0,"event_name":"Upgrade Shrine","floor":42,"gold_loss":0,"cards_upgraded":["Shockwave"]}],"is_beta":false,"boss_relics":[{"not_picked":["Runic Cube","Mark of Pain"],"picked":"Philosopher\u0027s Stone"},{"not_picked":["Busted Crown","Tiny House"],"picked":"Velvet Choker"}],"items_purged_floors":[21,30],"is_endless":false,"potions_floor_spawned":[4,14,16,23,24,25,31,33,41,45,46,47,48],"ascension_level":15}