{"gold_per_floor":[112,127,4,4,4,45,58,58,85,13,13,44,62,82,82,176,176,189,189,38,38,56,82,82,114,114,139,14,14,46,46,46,46],"floor_reached":33,"playtime":794,"items_purged":["Strike_R","Strike_R","Strike_R"],"score":707,"play_id":"664c3771-6fe8-4b6c-91bc-48efa10eb2fa","local_time":"20220822091803","is_ascension_mode":true,"campfire_choices":[{"floor":11.0,"key":"REST"},{"data":"Metallicize","floor":15.0,"key":"SMITH"},{"data":"Whirlwind","floor":24,"key":"SMITH"},{"data":"True Grit","floor":29,"key":"SMITH"},{"data":"Feel No Pain","floor":32,"key":"SMITH"}],"neow_cost":"NONE","seed_source_timestamp":3933702131100,"circlet_count":0,"master_deck":["AscendersBane","Strike_R","Strike_R","Defend_R","Defend_R","Defend_R","Defend_R","Bash+1","True Grit+1","Headbutt","Whirlwind+1","Anger","Carnage","Impervious","Metallicize+1","Second Wind","Offering","CurseOfTheBell","Feel No Pain+1","Rupture+1","Flame Barrier+1","Sword Boomerang","Exhume"],"special_seed":0,"relics":["Burning Blood","Red Skull","Bloody Idol","Juzu Bracelet","Ancient Tea Set","Bronze Scales","Calling Bell","Akabeko","Eternal Feather","Magic Flower","Bottled Flame","Tiny Chest","Meat on the Bone","Boot","Anchor"],"potions_floor_usage":[23,27,33,33],"damage_taken":[{"damage":1.0,"enemies":"Cultist","floor":1.0,"turns":3.0},{"damage":2.0,"enemies":"2 Louse","floor":2.0,"turns":4.0},{"damage":37.0,"enemies":"Gremlin Nob","floor":6.0,"turns":5.0},{"damage":6.0,"enemies":"Small Slimes","floor":7.0,"turns":4.0},{"damage":0.0,"enemies":"3 Sentries","floor":12.0,"turns":1.0},{"damage":4.0,"enemies":"Looter","floor":13.0,"turns":2.0},{"damage":0.0,"enemies":"3 Louse","floor":14.0,"turns":2.0},{"damage":31.0,"enemies":"Hexaghost","floor":16.0,"turns":9.0},{"damage":2.0,"enemies":"3 Byrds","floor":18.0,"turns":3.0},{"damage":6.0,"enemies":"Chosen","floor":22.0,"turns":4.0},{"damage":62,"enemies":"Book of Stabbing","floor":23,"turns":4},{"damage":0,"enemies":"Slavers","floor":25,"turns":1},{"damage":56,"enemies":"Book of Stabbing","floor":27,"turns":6},{"damage":0,"enemies":"Slavers","floor":30,"turns":1},{"damage":121,"enemies":"Automaton","floor":33,"turns":12}],"seed_played":"-1112121477418502996","potions_obtained":[{"floor":12.0,"key":"Weak Potion"},{"floor":13.0,"key":"Weak Potion"},{"floor":14.0,"key":"BlessingOfTheForge"},{"floor":16.0,"key":"Swift Potion"},{"floor":18.0,"key":"Regen Potion"},{"floor":23,"key":"Fire Potion"},{"floor":27,"key":"Energy Potion"},{"floor":30,"key":"DuplicationPotion"}],"is_trial":false,"path_per_floor":["M","M","$","?","?","E","M","?","T","$","R","E","M","M","R","B",null,"M","?","$","?","M","E","R","E","T","E","$","R","E","?","R","B"],"character_chosen":"IRONCLAD","items_purchased":["Dexterity Potion","Carnage","SteroidPotion"],"campfire_rested":1,"item_purchase_floors":[3,10,20],"current_hp_per_floor":[73,75,75,49,38,7,7,7,7,7,29,35,37,43,43,18,61,68,68,68,68,75,27,39,53,53,53,53,65,75,75,75,0],"gold":46,"neow_bonus":"RANDOM_COMMON_RELIC","is_prod":false,"is_daily":false,"chose_seed":false,"campfire_upgraded":4,"win_rate":0,"timestamp":1661185083,"path_taken":["M","M","?","?","?","E","M","?","T","$","R","E","M","M","R","BOSS","M","?","$","?","M","E","R","E","T","E","$","R","E","?","R","BOSS"],"build_version":"2022-03-07","purchased_purges":3,"victory":false,"max_hp_per_floor":[75,75,75,75,75,75,75,75,75,75,75,75,75,75,75,75,75,75,75,75,75,75,75,75,75,75,75,75,75,75,75,75,75],"relic_stats":{"counters":[15,61],"Magic Flower":[33],"Eternal Feather":24,"Juzu Bracelet":1,"Ancient Tea Set":[10],"Boot":[10],"Burning Blood":100,"Bottled Flame":"Whirlwind","Bloody Idol":20,"Bronze Scales":[150],"Tiny Chest":0,"obtain_stats":[{"Golden Idol":4,"Magic Flower":17,"Eternal Feather":17,"Juzu Bracelet":6,"Ancient Tea Set":9,"Boot":27,"Burning Blood":0,"Akabeko":17,"Calling Bell":17,"Bottled Flame":23,"Anchor":30,"Bronze Scales":12,"Bloody Idol":19,"Tiny Chest":25,"Red Skull":0,"Meat on the Bone":26},{"Golden Idol":2,"Magic Flower":8,"Eternal Feather":8,"Juzu Bracelet":3,"Ancient Tea Set":4,"Boot":13,"Burning Blood":0,"Akabeko":8,"Calling Bell":8,"Bottled Flame":11,"Anchor":14,"Bronze Scales":5,"Bloody Idol":9,"Tiny Chest":12,"Red Skull":0,"Meat on the Bone":12},{"Golden Idol":7,"Magic Flower":30,"Eternal Feather":30,"Juzu Bracelet":12,"Ancient Tea Set":16,"Boot":48,"Burning Blood":0,"Akabeko":30,"Calling Bell":30,"Bottled Flame":41,"Anchor":49,"Bronze Scales":17,"Bloody Idol":33,"Tiny Chest":42,"Red Skull":0,"Meat on the Bone":42}],"Meat on the Bone":18},"card_choices":[{"not_picked":["Body Slam","Perfected Strike"],"picked":"True Grit","floor":1.0},{"not_picked":["Warcry","Ghostly Armor"],"picked":"Headbutt","floor":2.0},{"not_picked":["Dual Wield","Battle Trance"],"picked":"Whirlwind","floor":6.0},{"not_picked":["Combust","Seeing Red"],"picked":"Anger","floor":7.0},{"not_picked":["Headbutt","Carnage"],"picked":"Impervious","floor":12.0},{"not_picked":["Armaments","True Grit"],"picked":"Metallicize","floor":13.0},{"not_picked":["Anger","Infernal Blade"],"picked":"Second Wind","floor":14.0},{"not_picked":["Demon Form","Double Tap"],"picked":"Offering","floor":16.0},{"not_picked":["Intimidate+1","Wild Strike"],"picked":"Feel No Pain","floor":18.0},{"not_picked":["Clash","Pommel Strike"],"picked":"Rupture+1","floor":22.0},{"not_picked":["Offering","Dark Embrace+1"],"picked":"Flame Barrier+1","floor":23},{"not_picked":["Warcry","Iron Wave","Evolve+1"],"picked":"SKIP","floor":25},{"not_picked":["Thunderclap","Sever Soul"],"picked":"Sword Boomerang","floor":27},{"not_picked":["Anger","Dual Wield"],"picked":"Exhume","floor":30}],"player_experience":5232489,"relics_obtained":[{"floor":6.0,"key":"Juzu Bracelet"},{"floor":9.0,"key":"Ancient Tea Set"},{"floor":12.0,"key":"Bronze Scales"},{"floor":17.0,"key":"Akabeko"},{"floor":17.0,"key":"Eternal Feather"},{"floor":17.0,"key":"Magic Flower"},{"floor":23,"key":"Bottled Flame"},{"floor":25,"key":"Tiny Chest"},{"floor":26,"key":"Meat on the Bone"},{"floor":27,"key":"Boot"},{"floor":30,"key":"Anchor"}],"event_choices":[{"damage_healed":0.0,"max_hp_gain":0.0,"max_hp_loss":0.0,"gold_gain":0.0,"event_name":"Golden Idol","player_choice":"Take Damage","floor":4.0,"gold_loss":0.0,"damage_taken":26.0,"relics_obtained":["Golden Idol"]},{"damage_healed":0.0,"max_hp_gain":0.0,"max_hp_loss":0.0,"gold_gain":0.0,"event_name":"Wheel of Change","player_choice":"Damaged","floor":5.0,"gold_loss":0.0,"damage_taken":11.0},{"damage_healed":0.0,"max_hp_gain":0.0,"max_hp_loss":0.0,"gold_gain":0.0,"event_name":"Living Wall","player_choice":"Grow","floor":8.0,"gold_loss":0.0,"damage_taken":0.0,"cards_upgraded":["Bash"]},{"damage_healed":0.0,"max_hp_gain":0.0,"max_hp_loss":0.0,"gold_gain":0.0,"event_name":"Forgotten Altar","player_choice":"Gave Idol","floor":19.0,"relics_lost":["Golden Idol"],"gold_loss":0.0,"damage_taken":0.0,"relics_obtained":["Bloody Idol"]},{"damage_healed":0.0,"max_hp_gain":0.0,"max_hp_loss":0.0,"gold_gain":0.0,"event_name":"The Mausoleum","player_choice":"Ignored","floor":21.0,"gold_loss":0.0,"damage_taken":0.0},{"damage_healed":0,"gold_gain":0,"player_choice":"Ignored","damage_taken":0,"max_hp_gain":0,"max_hp_loss":0,"event_name":"Ghosts","floor":31,"gold_loss":0}],"is_beta":false,"boss_relics":[{"not_picked":["Coffee Dripper","Runic Cube"],"picked":"Calling Bell"}],"items_purged_floors":[3,20,28],"is_endless":false,"potions_floor_spawned":[12,13,14,16,18,23,27,30],"killed_by":"Automaton","ascension_level":15}