{"gold_per_floor":[118,118,128,139,153,188,188,213,213,244,5,23,42,74,74,148,148,166,216,131,141,66,99,99,109,159,191,191,226,252,264,276,363,375,404,416,428,34,44,71,71,101,151,185,232,249,249,249,249,249],"floor_reached":51,"playtime":1677,"items_purged":["Strike_R"],"score":1475,"play_id":"0db98877-100a-436f-b2c7-abdf2e7fd2f0","local_time":"20220901142954","is_ascension_mode":true,"campfire_choices":[{"data":"Whirlwind","floor":7.0,"key":"SMITH"},{"data":"Apotheosis","floor":15.0,"key":"SMITH"},{"floor":24.0,"key":"REST"},{"data":"Bash","floor":28.0,"key":"SMITH"},{"floor":32,"key":"REST"},{"floor":41,"key":"REST"},{"floor":49,"key":"REST"}],"neow_cost":"NONE","seed_source_timestamp":22384359995800,"circlet_count":0,"master_deck":["AscendersBane","Strike_R","Strike_R","Strike_R","Strike_R","Defend_R","Defend_R","Bash+1","Pummel","Pommel Strike","Metallicize","Feel No Pain","Whirlwind+1","Headbutt","Ghostly Armor+1","Apotheosis+1","Cleave","Fiend Fire","Offering","Twin Strike+1","Metallicize","Exhume+1","Perfected Strike","Master of Strategy","Shrug It Off","Twin Strike","Dual Wield+1","Twin Strike"],"special_seed":0,"relics":["Burning Blood","NeowsBlessing","Strawberry","Orichalcum","Paper Frog","StrikeDummy","Regal Pillow","Busted Crown","WingedGreaves","Mummified Hand","Happy Flower","Pantograph","Tiny Chest","MawBank","Philosopher\u0027s Stone","War Paint","Bottled Tornado","Bronze Scales","Lantern","Question Card","Omamori","WarpedTongs"],"potions_floor_usage":[33,40,42],"damage_taken":[{"damage":0.0,"enemies":"2 Louse","floor":1.0,"turns":1.0},{"damage":0.0,"enemies":"Cultist","floor":3.0,"turns":1.0},{"damage":0.0,"enemies":"Small Slimes","floor":4.0,"turns":1.0},{"damage":6.0,"enemies":"2 Fungi Beasts","floor":5.0,"turns":4.0},{"damage":31.0,"enemies":"Lagavulin","floor":6.0,"turns":7.0},{"damage":12.0,"enemies":"3 Sentries","floor":8.0,"turns":5.0},{"damage":26.0,"enemies":"Lagavulin","floor":10.0,"turns":6.0},{"damage":9.0,"enemies":"Exordium Thugs","floor":12.0,"turns":4.0},{"damage":15.0,"enemies":"Large Slime","floor":13.0,"turns":6.0},{"damage":5.0,"enemies":"Gremlin Nob","floor":14.0,"turns":3.0},{"damage":22.0,"enemies":"Hexaghost","floor":16.0,"turns":8.0},{"damage":6.0,"enemies":"Shell Parasite","floor":18.0,"turns":4.0},{"damage":6.0,"enemies":"Spheric Guardian","floor":21.0,"turns":3.0},{"damage":30.0,"enemies":"Slavers","floor":23.0,"turns":5.0},{"damage":11.0,"enemies":"Centurion and Healer","floor":25.0,"turns":5.0},{"damage":28.0,"enemies":"Gremlin Leader","floor":27.0,"turns":5.0},{"damage":25.0,"enemies":"Book of Stabbing","floor":29.0,"turns":3.0},{"damage":18,"enemies":"Gremlin Leader","floor":30,"turns":6},{"damage":79,"enemies":"Champ","floor":33,"turns":11},{"damage":12,"enemies":"Orb Walker","floor":35,"turns":2},{"damage":6,"enemies":"3 Shapes","floor":39,"turns":3},{"damage":15,"enemies":"Giant Head","floor":40,"turns":4},{"damage":6,"enemies":"Reptomancer","floor":42,"turns":2},{"damage":33,"enemies":"Nemesis","floor":44,"turns":3},{"damage":7,"enemies":"Maw","floor":46,"turns":6},{"damage":85,"enemies":"Donu and Deca","floor":50,"turns":10}],"seed_played":"2693432496032954725","potions_obtained":[{"floor":2.0,"key":"FearPotion"},{"floor":2.0,"key":"AttackPotion"},{"floor":8.0,"key":"FearPotion"},{"floor":12.0,"key":"SteroidPotion"},{"floor":13.0,"key":"ColorlessPotion"},{"floor":16.0,"key":"LiquidBronze"},{"floor":18.0,"key":"Swift Potion"},{"floor":27.0,"key":"SpeedPotion"},{"floor":29.0,"key":"FairyPotion"},{"floor":40,"key":"DuplicationPotion"}],"is_trial":false,"path_per_floor":["M","?","M","M","M","E","R","E","T","E","$","M","M","E","R","B",null,"M","?","?","M","$","E","R","M","T","E","R","E","E","?","R","B",null,"M","?","?","$","M","E","R","E","T","E","T","M","?","?","R","B",null],"character_chosen":"IRONCLAD","items_purchased":["Apotheosis","BloodPotion","Master of Strategy","War Paint","Shrug It Off","AttackPotion"],"campfire_rested":4,"item_purchase_floors":[11,11,38,38,38,38],"current_hp_per_floor":[74,74,75,75,75,57,57,51,51,31,31,28,35,36,36,20,67,67,67,67,67,67,43,82,77,77,55,55,36,24,24,63,9,64,58,58,58,58,58,49,82,82,82,55,55,54,54,54,82,27],"gold":249,"neow_bonus":"THREE_ENEMY_KILL","is_prod":false,"is_daily":false,"chose_seed":false,"campfire_upgraded":3,"win_rate":0,"timestamp":1662067794,"path_taken":["M","?","M","?","M","E","R","E","T","E","$","M","M","E","R","BOSS","M","?","?","M","$","E","R","M","T","E","R","E","E","?","R","BOSS","M","?","?","$","M","E","R","E","T","E","?","?","?","?","R","BOSS"],"build_version":"2022-03-07","purchased_purges":1,"victory":true,"max_hp_per_floor":[75,75,75,75,75,82,82,82,82,82,82,82,82,82,82,82,82,82,82,82,82,82,82,82,82,82,82,82,82,82,82,82,82,82,82,82,82,82,82,82,82,82,82,82,82,82,82,82,82,82],"relic_stats":{"Regal Pillow":43,"Happy Flower":[18],"counters":[26,118],"Omamori":1,"Orichalcum":[198],"War Paint":["Ghostly Armor","Exhume"],"Bottled Tornado":"Metallicize","MawBank":96,"Question Card":2,"Burning Blood":145,"WarpedTongs":[1],"Busted Crown":30,"Mummified Hand":[28],"Pantograph":19,"Bronze Scales":[37],"Tiny Chest":1,"WingedGreaves":3,"obtain_stats":[{"Regal Pillow":14,"Lantern":43,"NeowsBlessing":0,"Happy Flower":26,"Omamori":45,"Orichalcum":8,"War Paint":38,"Bottled Tornado":40,"MawBank":30,"Question Card":44,"Burning Blood":0,"WarpedTongs":48,"Busted Crown":17,"Mummified Hand":23,"Strawberry":6,"Pantograph":27,"Bronze Scales":42,"Tiny Chest":29,"Philosopher\u0027s Stone":34,"WingedGreaves":20,"StrikeDummy":10,"Paper Frog":9},{"Regal Pillow":10,"Lantern":23,"NeowsBlessing":0,"Happy Flower":15,"Omamori":24,"Orichalcum":6,"War Paint":20,"Bottled Tornado":22,"MawBank":18,"Question Card":24,"Burning Blood":0,"WarpedTongs":25,"Busted Crown":11,"Mummified Hand":14,"Strawberry":5,"Pantograph":16,"Bronze Scales":23,"Tiny Chest":17,"Philosopher\u0027s Stone":19,"WingedGreaves":12,"StrikeDummy":7,"Paper Frog":6},{"Regal Pillow":38,"Lantern":99,"NeowsBlessing":0,"Happy Flower":63,"Omamori":102,"Orichalcum":19,"War Paint":90,"Bottled Tornado":97,"MawBank":77,"Question Card":102,"Burning Blood":0,"WarpedTongs":108,"Busted Crown":46,"Mummified Hand":58,"Strawberry":14,"Pantograph":68,"Bronze Scales":99,"Tiny Chest":71,"Philosopher\u0027s Stone":88,"WingedGreaves":50,"StrikeDummy":25,"Paper Frog":19}]},"card_choices":[{"not_picked":["Perfected Strike","Rupture"],"picked":"Pummel","floor":1.0},{"not_picked":["Shrug It Off","True Grit"],"picked":"Pommel Strike","floor":3.0},{"not_picked":["Havoc","Shrug It Off"],"picked":"Metallicize","floor":4.0},{"not_picked":["Infernal Blade","Dark Embrace"],"picked":"Feel No Pain","floor":5.0},{"not_picked":["Havoc","Wild Strike"],"picked":"Whirlwind","floor":6.0},{"not_picked":["Warcry","Intimidate"],"picked":"Headbutt","floor":8.0},{"not_picked":["Cleave","Searing Blow"],"picked":"Ghostly Armor","floor":10.0},{"not_picked":["Sentinel","Perfected Strike"],"picked":"Cleave","floor":12.0},{"not_picked":["Pommel Strike","Cleave","Wild Strike"],"picked":"SKIP","floor":13.0},{"not_picked":["Wild Strike","Pommel Strike"],"picked":"Fiend Fire","floor":14.0},{"not_picked":["Exhume","Limit Break"],"picked":"Offering","floor":16.0},{"not_picked":["Headbutt"],"picked":"SKIP","floor":18.0},{"not_picked":["Flex"],"picked":"SKIP","floor":21.0},{"not_picked":["Whirlwind"],"picked":"SKIP","floor":23.0},{"not_picked":["Headbutt+1"],"picked":"SKIP","floor":25.0},{"not_picked":[],"picked":"Twin Strike+1","floor":27.0},{"not_picked":[],"picked":"Metallicize","floor":29.0},{"not_picked":["Blood for Blood"],"picked":"SKIP","floor":30},{"not_picked":[],"picked":"Exhume","floor":33},{"not_picked":[],"picked":"Perfected Strike","floor":35},{"not_picked":[],"picked":"Twin Strike","floor":39},{"not_picked":[],"picked":"Dual Wield+1","floor":40},{"not_picked":[],"picked":"Twin Strike","floor":42},{"not_picked":["Rampage+1"],"picked":"SKIP","floor":44},{"not_picked":["Entrench","Body Slam"],"picked":"SKIP","floor":46}],"player_experience":5259646,"relics_obtained":[{"floor":6.0,"key":"Strawberry"},{"floor":8.0,"key":"Orichalcum"},{"floor":9.0,"key":"Paper Frog"},{"floor":10.0,"key":"StrikeDummy"},{"floor":14.0,"key":"Regal Pillow"},{"floor":23.0,"key":"Mummified Hand"},{"floor":26.0,"key":"Happy Flower"},{"floor":27.0,"key":"Pantograph"},{"floor":29.0,"key":"Tiny Chest"},{"floor":30,"key":"MawBank"},{"floor":40,"key":"Bottled Tornado"},{"floor":42,"key":"Bronze Scales"},{"floor":43,"key":"Lantern"},{"floor":44,"key":"Question Card"},{"floor":45,"key":"Omamori"}],"event_choices":[{"damage_healed":0.0,"max_hp_gain":0.0,"max_hp_loss":0.0,"gold_gain":0.0,"event_name":"Lab","player_choice":"Got Potions","floor":2.0,"gold_loss":0.0,"damage_taken":0.0},{"damage_healed":0.0,"max_hp_gain":0.0,"max_hp_loss":0.0,"gold_gain":50.0,"event_name":"Nest","player_choice":"Stole From Cult","floor":19.0,"gold_loss":0.0,"damage_taken":0.0},{"damage_healed":0.0,"max_hp_gain":0.0,"max_hp_loss":0.0,"gold_gain":0.0,"event_name":"Addict","player_choice":"Obtained Relic","floor":20.0,"gold_loss":85.0,"damage_taken":0.0,"relics_obtained":["WingedGreaves"]},{"cards_removed":["Defend_R"],"damage_healed":0,"gold_gain":0,"player_choice":"Purged","damage_taken":0,"max_hp_gain":0,"max_hp_loss":0,"event_name":"Purifier","floor":31,"gold_loss":0},{"damage_healed":0,"gold_gain":0,"player_choice":"Ignored","damage_taken":0,"max_hp_gain":0,"max_hp_loss":0,"event_name":"Tomb of Lord Red Mask","floor":36,"gold_loss":0},{"cards_removed":["Defend_R"],"damage_healed":0,"gold_gain":0,"player_choice":"Offered Basic","damage_taken":0,"max_hp_gain":0,"max_hp_loss":0,"event_name":"Bonfire Elementals","floor":37,"gold_loss":0},{"damage_healed":0,"gold_gain":0,"player_choice":"Memory 1","damage_taken":0,"max_hp_gain":0,"max_hp_loss":0,"event_name":"SensoryStone","floor":47,"gold_loss":0},{"damage_healed":0,"gold_gain":0,"player_choice":"Rummage","damage_taken":0,"relics_obtained":["WarpedTongs"],"max_hp_gain":0,"max_hp_loss":0,"event_name":"Accursed Blacksmith","floor":48,"gold_loss":0,"cards_obtained":["Pain"]}],"is_beta":false,"boss_relics":[{"not_picked":["SlaversCollar","Black Blood"],"picked":"Busted Crown"},{"not_picked":["Cursed Key","Mark of Pain"],"picked":"Philosopher\u0027s Stone"}],"items_purged_floors":[22],"is_endless":false,"potions_floor_spawned":[3,5,8,12,13,16,18,27,29,40],"ascension_level":15}