{"gold_per_floor":[113,130,130,142,158,186,186,219,219,233,247,247,258,284,284,284],"floor_reached":16,"playtime":407,"items_purged":[],"score":217,"play_id":"7e487601-77bb-4c4c-82ee-3f6f244c0849","local_time":"20220913162748","is_ascension_mode":true,"campfire_choices":[{"data":"Bash","floor":7.0,"key":"SMITH"},{"floor":12.0,"key":"REST"},{"data":"Uppercut","floor":15.0,"key":"SMITH"}],"neow_cost":"NONE","seed_source_timestamp":31259212769400,"circlet_count":0,"master_deck":["AscendersBane","Strike_R","Strike_R","Strike_R","Strike_R","Strike_R","Defend_R","Defend_R","Defend_R","Defend_R","Bash+1","Feel No Pain","Sword Boomerang","Pommel Strike","Clothesline","Corruption","Carnage","Hemokinesis","Shockwave","Uppercut+1"],"special_seed":0,"relics":["Burning Blood","NeowsBlessing","Art of War","Happy Flower","Gremlin Horn","Shovel"],"potions_floor_usage":[16,16],"damage_taken":[{"damage":0.0,"enemies":"Cultist","floor":1.0,"turns":1.0},{"damage":0.0,"enemies":"Small Slimes","floor":2.0,"turns":1.0},{"damage":0.0,"enemies":"2 Louse","floor":4.0,"turns":2.0},{"damage":14.0,"enemies":"Blue Slaver","floor":5.0,"turns":7.0},{"damage":16.0,"enemies":"Gremlin Nob","floor":6.0,"turns":3.0},{"damage":35.0,"enemies":"Lagavulin","floor":8.0,"turns":8.0},{"damage":13.0,"enemies":"Large Slime","floor":10.0,"turns":4.0},{"damage":3.0,"enemies":"Looter","floor":11.0,"turns":2.0},{"damage":9.0,"enemies":"Exordium Wildlife","floor":13.0,"turns":5.0},{"damage":28.0,"enemies":"3 Sentries","floor":14.0,"turns":7.0},{"damage":24,"enemies":"The Guardian","floor":16,"turns":7}],"seed_played":"7059606978067250640","potions_obtained":[{"floor":3.0,"key":"DuplicationPotion"},{"floor":3.0,"key":"Explosive Potion"},{"floor":8.0,"key":"Swift Potion"},{"floor":10.0,"key":"SmokeBomb"},{"floor":11.0,"key":"ColorlessPotion"}],"is_trial":false,"path_per_floor":["M","M","?","M","M","E","R","E","T","M","M","R","M","E","R","B"],"character_chosen":"IRONCLAD","items_purchased":[],"campfire_rested":1,"item_purchase_floors":[],"current_hp_per_floor":[74,75,75,75,67,57,57,28,28,21,24,46,43,21,21,0],"gold":284,"neow_bonus":"THREE_ENEMY_KILL","is_prod":false,"is_daily":false,"chose_seed":false,"campfire_upgraded":2,"win_rate":0,"timestamp":1663111668,"path_taken":["M","M","?","M","?","E","R","E","T","M","M","R","M","E","R","BOSS"],"build_version":"2022-03-07","purchased_purges":0,"victory":false,"max_hp_per_floor":[75,75,75,75,75,75,75,75,75,75,75,75,75,75,75,75],"relic_stats":{"Shovel":0,"Happy Flower":[8],"Gremlin Horn":[4,4],"counters":[11,47],"Art of War":[5],"obtain_stats":[{"Shovel":14,"NeowsBlessing":0,"Happy Flower":8,"Gremlin Horn":9,"Art of War":6,"Burning Blood":0},{"Shovel":10,"NeowsBlessing":0,"Happy Flower":6,"Gremlin Horn":6,"Art of War":5,"Burning Blood":0},{"Shovel":40,"NeowsBlessing":0,"Happy Flower":22,"Gremlin Horn":22,"Art of War":14,"Burning Blood":0}],"Burning Blood":49},"card_choices":[{"not_picked":["Armaments","Iron Wave"],"picked":"Feel No Pain","floor":1.0},{"not_picked":["Dual Wield","Body Slam"],"picked":"Sword Boomerang","floor":2.0},{"not_picked":["Havoc","Body Slam","Sword Boomerang"],"picked":"SKIP","floor":4.0},{"not_picked":["Perfected Strike","Second Wind"],"picked":"Pommel Strike","floor":5.0},{"not_picked":["Pummel","True Grit"],"picked":"Clothesline","floor":6.0},{"not_picked":["Twin Strike","Impervious"],"picked":"Corruption","floor":8.0},{"not_picked":["Flex","Warcry"],"picked":"Carnage","floor":10.0},{"not_picked":["Reckless Charge","Warcry"],"picked":"Hemokinesis","floor":11.0},{"not_picked":["Warcry","Perfected Strike"],"picked":"Shockwave","floor":13.0},{"not_picked":["Hemokinesis","Havoc"],"picked":"Uppercut","floor":14.0}],"player_experience":5278566,"relics_obtained":[{"floor":6.0,"key":"Art of War"},{"floor":8.0,"key":"Happy Flower"},{"floor":9.0,"key":"Gremlin Horn"},{"floor":14.0,"key":"Shovel"}],"event_choices":[{"damage_healed":0.0,"max_hp_gain":0.0,"max_hp_loss":0.0,"gold_gain":0.0,"event_name":"Lab","player_choice":"Got Potions","floor":3.0,"gold_loss":0.0,"damage_taken":0.0}],"is_beta":false,"boss_relics":[],"items_purged_floors":[],"is_endless":false,"potions_floor_spawned":[4,8,10,11],"killed_by":"The Guardian","ascension_level":15}