{"gold_per_floor":[19,39,114,114,39,39,66,83,130,146,163,163,173,189,189,268,268,280,292,310,310,345,345,345,7,7,7,23,42,42,57,57,134,134,150,150],"floor_reached":36,"playtime":1151,"items_purged":["Strike_R","Strike_R"],"score":644,"play_id":"b0106390-fbfd-4ab2-a773-ffecf42942b2","local_time":"20221012202429","is_ascension_mode":true,"campfire_choices":[{"data":"Bash","floor":6.0,"key":"SMITH"},{"data":"Combust","floor":12.0,"key":"SMITH"},{"data":"True Grit","floor":15.0,"key":"SMITH"},{"floor":23,"key":"REST"},{"floor":27,"key":"REST"},{"floor":32,"key":"REST"}],"neow_cost":"NO_GOLD","seed_source_timestamp":288817721446800,"circlet_count":0,"master_deck":["AscendersBane","Strike_R","Strike_R","Strike_R","Defend_R","Defend_R","Defend_R","Defend_R","Bash+1","Cleave","Clothesline","Heavy Blade","Anger","Combust+1","Ghostly Armor","Sword Boomerang","Inflame","True Grit+1","Immolate","Demon Form","Battle Trance+1","Limit Break","Battle Trance+1","Dark Embrace","Pommel Strike","Havoc+1","Feed","Disarm","Offering"],"special_seed":0,"relics":["Burning Blood","Du-Vu Doll","Nunchaku","Prayer Wheel","Omamori","Velvet Choker","Red Mask","Potion Belt","Ice Cream","Busted Crown"],"potions_floor_usage":[22,33,33,35],"damage_taken":[{"damage":7.0,"enemies":"Small Slimes","floor":1.0,"turns":4.0},{"damage":23.0,"enemies":"Jaw Worm","floor":2.0,"turns":4.0},{"damage":20.0,"enemies":"3 Sentries","floor":7.0,"turns":6.0},{"damage":0.0,"enemies":"2 Louse","floor":8.0,"turns":3.0},{"damage":3.0,"enemies":"Large Slime","floor":10.0,"turns":3.0},{"damage":3.0,"enemies":"Looter","floor":11.0,"turns":3.0},{"damage":6.0,"enemies":"Red Slaver","floor":13.0,"turns":2.0},{"damage":0.0,"enemies":"Gremlin Gang","floor":14.0,"turns":4.0},{"damage":26.0,"enemies":"The Guardian","floor":16.0,"turns":9.0},{"damage":1.0,"enemies":"Spheric Guardian","floor":18.0,"turns":2.0},{"damage":13.0,"enemies":"Shell Parasite","floor":19.0,"turns":3.0},{"damage":55.0,"enemies":"Shelled Parasite and Fungi","floor":20.0,"turns":4.0},{"damage":21,"enemies":"Masked Bandits","floor":22,"turns":3},{"damage":21,"enemies":"Centurion and Healer","floor":28,"turns":5},{"damage":6,"enemies":"Chosen and Byrds","floor":29,"turns":4},{"damage":24,"enemies":"Shelled Parasite and Fungi","floor":31,"turns":3},{"damage":19,"enemies":"Champ","floor":33,"turns":6},{"damage":34,"enemies":"3 Darklings","floor":35,"turns":3}],"seed_played":"1763025874565140635","potions_obtained":[{"floor":1.0,"key":"SkillPotion"},{"floor":2.0,"key":"DuplicationPotion"},{"floor":11.0,"key":"CultistPotion"},{"floor":14.0,"key":"LiquidMemories"},{"floor":18.0,"key":"CultistPotion"},{"floor":20.0,"key":"Weak Potion"},{"floor":31,"key":"Swift Potion"}],"is_trial":false,"path_per_floor":["M","M","?","?","$","R","E","M","T","M","M","R","M","M","R","B",null,"M","M","M","?","?","R","?","$","T","R","M","M","$","M","R","B",null,"M","M"],"character_chosen":"IRONCLAD","items_purchased":["Potion Belt","Energy Potion","Dark Embrace"],"campfire_rested":3,"item_purchase_floors":[25,25,25],"current_hp_per_floor":[67,50,39,28,28,28,14,20,20,23,26,26,26,32,32,12,59,64,57,8,23,8,30,30,30,30,52,37,37,37,19,41,28,63,35,0],"gold":150,"neow_bonus":"ONE_RARE_RELIC","is_prod":false,"is_daily":false,"chose_seed":false,"campfire_upgraded":3,"win_rate":0,"timestamp":1665631469,"path_taken":["M","M","?","?","?","R","E","M","T","M","M","R","M","M","R","BOSS","M","M","M","?","?","R","?","$","T","R","?","M","$","?","R","BOSS","M","?"],"build_version":"2022-10-04","purchased_purges":2,"victory":false,"max_hp_per_floor":[75,75,75,75,75,75,75,75,75,75,75,75,75,75,75,75,75,75,75,75,75,75,75,75,75,75,75,75,75,75,75,75,75,75,75,78],"relic_stats":{"Ice Cream":[18],"Nunchaku":[12],"Busted Crown":4,"counters":[19,76],"Prayer Wheel":12,"Omamori":0,"obtain_stats":[{"Du-Vu Doll":0,"Potion Belt":25,"Ice Cream":26,"Nunchaku":4,"Busted Crown":34,"Velvet Choker":17,"Prayer Wheel":7,"Omamori":9,"Red Mask":22,"Burning Blood":0},{"Du-Vu Doll":0,"Potion Belt":13,"Ice Cream":13,"Nunchaku":2,"Busted Crown":17,"Velvet Choker":9,"Prayer Wheel":3,"Omamori":4,"Red Mask":13,"Burning Blood":0},{"Du-Vu Doll":0,"Potion Belt":50,"Ice Cream":50,"Nunchaku":8,"Busted Crown":68,"Velvet Choker":38,"Prayer Wheel":14,"Omamori":17,"Red Mask":50,"Burning Blood":0}],"Burning Blood":108},"card_choices":[{"not_picked":["Power Through","Searing Blow"],"picked":"Cleave","floor":1.0},{"not_picked":["Havoc","Pummel"],"picked":"Clothesline","floor":2.0},{"not_picked":["Infernal Blade","Flex"],"picked":"Heavy Blade","floor":7.0},{"not_picked":["Carnage","Rampage"],"picked":"Anger","floor":8.0},{"not_picked":["Rampage","Wild Strike"],"picked":"Combust","floor":8.0},{"not_picked":["Heavy Blade","Infernal Blade"],"picked":"Ghostly Armor","floor":10.0},{"not_picked":["Evolve","Cleave","Wild Strike"],"picked":"SKIP","floor":10.0},{"not_picked":["Double Tap","Anger"],"picked":"Sword Boomerang","floor":11.0},{"not_picked":["Entrench","Sentinel","Warcry"],"picked":"SKIP","floor":11.0},{"not_picked":["Anger","Power Through"],"picked":"Inflame","floor":13.0},{"not_picked":["Headbutt","Sword Boomerang","Heavy Blade"],"picked":"SKIP","floor":13.0},{"not_picked":["Clothesline","Pommel Strike"],"picked":"True Grit","floor":14.0},{"not_picked":["Heavy Blade","Twin Strike"],"picked":"Immolate","floor":14.0},{"not_picked":["Bludgeon","Immolate"],"picked":"Demon Form","floor":16.0},{"not_picked":["Warcry","Rage"],"picked":"Battle Trance+1","floor":18.0},{"not_picked":["Searing Blow","Heavy Blade","Cleave"],"picked":"SKIP","floor":18.0},{"not_picked":["Reckless Charge+1","Dropkick"],"picked":"Limit Break","floor":19.0},{"not_picked":["True Grit","Thunderclap","Sword Boomerang"],"picked":"SKIP","floor":19.0},{"not_picked":["Hemokinesis","Reckless Charge","Sword Boomerang"],"picked":"SKIP","floor":20.0},{"not_picked":["Warcry","Wild Strike","Sever Soul"],"picked":"SKIP","floor":20.0},{"not_picked":["Perfected Strike","Flex"],"picked":"Pommel Strike","floor":28},{"not_picked":["Thunderclap","Twin Strike","Pommel Strike"],"picked":"SKIP","floor":28},{"not_picked":["Headbutt","Heavy Blade"],"picked":"Havoc+1","floor":29},{"not_picked":["Carnage","Rampage","Thunderclap"],"picked":"SKIP","floor":29},{"not_picked":["Ghostly Armor+1","Shrug It Off"],"picked":"Feed","floor":31},{"not_picked":["Battle Trance","Spot Weakness"],"picked":"Disarm","floor":31},{"not_picked":["Barricade","Juggernaut"],"picked":"Offering","floor":33},{"not_picked":["Havoc+1"],"picked":"SKIP","floor":35},{"not_picked":["Wild Strike"],"picked":"SKIP","floor":35}],"player_experience":5300003,"relics_obtained":[{"floor":7.0,"key":"Prayer Wheel"},{"floor":9.0,"key":"Omamori"},{"floor":22,"key":"Red Mask"},{"floor":26,"key":"Ice Cream"}],"event_choices":[{"damage_healed":0.0,"max_hp_gain":0.0,"max_hp_loss":0.0,"gold_gain":75.0,"event_name":"World of Goop","player_choice":"Gather Gold","floor":3.0,"gold_loss":0.0,"damage_taken":11.0},{"damage_healed":0.0,"max_hp_gain":0.0,"max_hp_loss":0.0,"gold_gain":0.0,"event_name":"Scrap Ooze","player_choice":"Success","floor":4.0,"gold_loss":0.0,"damage_taken":11.0,"relics_obtained":["Nunchaku"]},{"damage_healed":15.0,"max_hp_gain":0.0,"max_hp_loss":0.0,"gold_gain":0.0,"event_name":"The Library","player_choice":"Heal","floor":21.0,"gold_loss":0.0,"damage_taken":0.0},{"damage_healed":0,"gold_gain":0,"player_choice":"Fought Bandits","damage_taken":0,"max_hp_gain":0,"max_hp_loss":0,"event_name":"Masked Bandits","floor":22,"gold_loss":0},{"damage_healed":0,"gold_gain":0,"player_choice":"Copied","damage_taken":0,"max_hp_gain":0,"max_hp_loss":0,"event_name":"Duplicator","floor":24,"gold_loss":0,"cards_obtained":["Battle Trance"]}],"is_beta":false,"boss_relics":[{"not_picked":["Tiny House","Philosopher\u0027s Stone"],"picked":"Velvet Choker"},{"not_picked":["Sozu","Fusion Hammer"],"picked":"Busted Crown"}],"items_purged_floors":[5,25],"is_endless":false,"potions_floor_spawned":[1,2,11,14,18,20,31],"killed_by":"3 Shapes","ascension_level":15}