{"gold_per_floor":[365,64,44,63,73,105,105,118,187,201,212,238,5,17,17,93,93,112,37,50,60,60,91,106,137,137,157,157,157,57,72,72,145,145,159,159,176,187,187,187,222,222,301,3,22,53,103,103,103,103],"floor_reached":51,"playtime":2252,"items_purged":["Strike_R","Strike_R","Normality"],"score":1622,"play_id":"250aeb40-456b-40a7-8265-8deca51274ad","local_time":"20221126204500","is_ascension_mode":true,"campfire_choices":[{"data":"Combust","floor":7.0,"key":"SMITH"},{"data":"Inflame","floor":15.0,"key":"SMITH"},{"data":"Juggernaut","floor":28.0,"key":"SMITH"},{"floor":32.0,"key":"REST"},{"data":"Feel No Pain","floor":40.0,"key":"SMITH"},{"data":"Feel No Pain","floor":42.0,"key":"SMITH"},{"data":"Armaments","floor":49,"key":"SMITH"}],"neow_cost":"PERCENT_DAMAGE","seed_source_timestamp":130295510564200,"circlet_count":0,"master_deck":["AscendersBane","Strike_R","Strike_R","Strike_R","Defend_R","Defend_R","Defend_R","Defend_R","Bash","Clothesline","Iron Wave","Heavy Blade","Feel No Pain+1","Offering","Inflame+1","Pommel Strike","Flame Barrier","Twin Strike","Corruption","Feel No Pain+1","Armaments+1","Power Through+1","Juggernaut+1","Metallicize","Flame Barrier","Second Wind+1","Barricade","Body Slam","Shrug It Off+1","Dual Wield+1","Master of Strategy","Shockwave+1","Flame Barrier","Blind"],"special_seed":0,"relics":["Burning Blood","Bag of Preparation","Lantern","Gambling Chip","Self Forming Clay","Omamori","Potion Belt","Cursed Key","HornCleat","Centennial Puzzle","Akabeko","Bottled Lightning","Snecko Eye","Oddly Smooth Stone","Gremlin Horn","Juzu Bracelet"],"potions_floor_usage":[50],"damage_taken":[{"damage":8.0,"enemies":"Jaw Worm","floor":1.0,"turns":5.0},{"damage":3.0,"enemies":"Cultist","floor":4.0,"turns":3.0},{"damage":3.0,"enemies":"2 Louse","floor":5.0,"turns":3.0},{"damage":9.0,"enemies":"Gremlin Nob","floor":6.0,"turns":3.0},{"damage":3.0,"enemies":"Lots of Slimes","floor":8.0,"turns":2.0},{"damage":20.0,"enemies":"Exordium Wildlife","floor":10.0,"turns":4.0},{"damage":6.0,"enemies":"3 Louse","floor":11.0,"turns":2.0},{"damage":27.0,"enemies":"Lagavulin","floor":12.0,"turns":4.0},{"damage":5.0,"enemies":"Red Slaver","floor":14.0,"turns":3.0},{"damage":12.0,"enemies":"Slime Boss","floor":16.0,"turns":7.0},{"damage":13.0,"enemies":"Shell Parasite","floor":18.0,"turns":4.0},{"damage":0.0,"enemies":"3 Byrds","floor":20.0,"turns":4.0},{"damage":11.0,"enemies":"3 Cultists","floor":21.0,"turns":4.0},{"damage":20.0,"enemies":"Book of Stabbing","floor":23.0,"turns":5.0},{"damage":6.0,"enemies":"Snake Plant","floor":24.0,"turns":3.0},{"damage":10.0,"enemies":"Gremlin Leader","floor":25.0,"turns":5.0},{"damage":9.0,"enemies":"Cultist and Chosen","floor":27.0,"turns":5.0},{"damage":2.0,"enemies":"Chosen and Byrds","floor":31.0,"turns":4.0},{"damage":35.0,"enemies":"Automaton","floor":33.0,"turns":8.0},{"damage":0.0,"enemies":"3 Darklings","floor":35.0,"turns":4.0},{"damage":6.0,"enemies":"3 Shapes","floor":37.0,"turns":2.0},{"damage":12.0,"enemies":"Spire Growth","floor":38.0,"turns":3.0},{"damage":6.0,"enemies":"Nemesis","floor":41.0,"turns":8.0},{"damage":0.0,"enemies":"Writhing Mass","floor":45.0,"turns":3.0},{"damage":6.0,"enemies":"Reptomancer","floor":46.0,"turns":2.0},{"damage":6,"enemies":"Time Eater","floor":50,"turns":5}],"seed_played":"-5275531543778389201","potions_obtained":[{"floor":1.0,"key":"FearPotion"},{"floor":3.0,"key":"ElixirPotion"},{"floor":6.0,"key":"BloodPotion"},{"floor":10.0,"key":"Weak Potion"},{"floor":16.0,"key":"EssenceOfSteel"},{"floor":18.0,"key":"EssenceOfSteel"},{"floor":21.0,"key":"GamblersBrew"},{"floor":24.0,"key":"Weak Potion"},{"floor":27.0,"key":"GamblersBrew"},{"floor":31.0,"key":"SpeedPotion"},{"floor":37.0,"key":"Energy Potion"}],"is_trial":false,"path_per_floor":["M","$","?","M","M","E","R","M","T","M","M","E","$","M","R","B",null,"M","$","M","M","?","E","M","E","T","M","R","T","$","M","R","B",null,"M","?","M","M","?","R","E","R","T","$","M","E","?","?","R","B",null],"character_chosen":"IRONCLAD","items_purchased":["Bag of Preparation","Lantern","Potion Belt","Flame Barrier","BlessingOfTheForge","Master of Strategy"],"campfire_rested":1,"item_purchase_floors":[2,2,13,13,13,44],"current_hp_per_floor":[48,48,48,51,54,51,51,54,54,55,55,34,34,35,35,29,64,57,57,63,58,58,44,44,40,40,37,37,37,37,41,63,34,65,71,71,71,65,65,65,65,65,65,65,71,71,71,71,71,71],"gold":103,"neow_bonus":"TWO_FIFTY_GOLD","is_prod":false,"is_daily":false,"chose_seed":false,"campfire_upgraded":6,"win_rate":0,"timestamp":1669524300,"path_taken":["M","$","?","?","M","E","R","M","T","M","M","E","$","M","R","BOSS","M","$","?","M","?","E","M","E","T","M","R","?","$","?","R","BOSS","M","?","?","M","?","R","E","R","T","$","M","E","?","?","R","BOSS"],"build_version":"2022-10-04","purchased_purges":3,"victory":true,"max_hp_per_floor":[75,75,75,75,75,75,75,75,75,75,75,75,75,75,75,75,75,75,75,75,75,75,75,75,75,75,75,75,75,75,75,75,75,75,75,75,75,75,75,75,75,75,75,75,75,75,75,75,75,75],"relic_stats":{"Gremlin Horn":[3,3],"counters":[26,105],"Self Forming Clay":[171],"Bag of Preparation":[50],"Omamori":2,"Juzu Bracelet":1,"Cursed Key":3,"Burning Blood":156,"Centennial Puzzle":[24],"Gambling Chip":[121],"Snecko Eye":[47,47,61,66,-74],"Bottled Lightning":"Offering","obtain_stats":[{"Potion Belt":13,"Lantern":2,"Gremlin Horn":43,"Self Forming Clay":9,"Oddly Smooth Stone":41,"Bag of Preparation":2,"Omamori":12,"Juzu Bracelet":46,"Cursed Key":17,"Burning Blood":0,"Akabeko":26,"Centennial Puzzle":25,"HornCleat":23,"Gambling Chip":6,"Snecko Eye":34,"Bottled Lightning":29},{"Potion Belt":8,"Lantern":1,"Gremlin Horn":23,"Self Forming Clay":5,"Oddly Smooth Stone":23,"Bag of Preparation":1,"Omamori":8,"Juzu Bracelet":25,"Cursed Key":10,"Burning Blood":0,"Akabeko":16,"Centennial Puzzle":16,"HornCleat":14,"Gambling Chip":4,"Snecko Eye":19,"Bottled Lightning":17},{"Potion Belt":26,"Lantern":5,"Gremlin Horn":95,"Self Forming Clay":16,"Oddly Smooth Stone":95,"Bag of Preparation":5,"Omamori":26,"Juzu Bracelet":100,"Cursed Key":36,"Burning Blood":0,"Akabeko":61,"Centennial Puzzle":61,"HornCleat":53,"Gambling Chip":14,"Snecko Eye":78,"Bottled Lightning":66}]},"card_choices":[{"not_picked":["Iron Wave","Blood for Blood"],"picked":"Combust","floor":1.0},{"not_picked":["Second Wind","Clash"],"picked":"Clothesline","floor":4.0},{"not_picked":["Thunderclap","Havoc"],"picked":"Iron Wave","floor":5.0},{"not_picked":["Sword Boomerang","Sever Soul"],"picked":"Heavy Blade","floor":6.0},{"not_picked":["Seeing Red","Clothesline"],"picked":"Feel No Pain","floor":8.0},{"not_picked":["Uppercut","Flex"],"picked":"Offering","floor":10.0},{"not_picked":["Pommel Strike","Twin Strike"],"picked":"Inflame","floor":11.0},{"not_picked":["Burning Pact","Bloodletting"],"picked":"Pommel Strike","floor":12.0},{"not_picked":["Intimidate","Sword Boomerang"],"picked":"Twin Strike","floor":14.0},{"not_picked":["Reaper","Bludgeon"],"picked":"Corruption","floor":16.0},{"not_picked":["Flex","Thunderclap"],"picked":"Feel No Pain","floor":18.0},{"not_picked":["True Grit","Clothesline"],"picked":"Armaments","floor":20.0},{"not_picked":["Rage","Intimidate"],"picked":"Power Through+1","floor":21.0},{"not_picked":["Rage","Iron Wave"],"picked":"Juggernaut","floor":23.0},{"not_picked":["Rupture","Flex+1"],"picked":"Metallicize","floor":24.0},{"not_picked":["Sever Soul","Reckless Charge"],"picked":"Flame Barrier","floor":25.0},{"not_picked":["Pummel","Shockwave"],"picked":"Second Wind+1","floor":27.0},{"not_picked":["True Grit","Sword Boomerang","Armaments"],"picked":"SKIP","floor":31.0},{"not_picked":["Double Tap","Bludgeon"],"picked":"Barricade","floor":33.0},{"not_picked":["Warcry","Pommel Strike","Rampage"],"picked":"SKIP","floor":35.0},{"not_picked":["Thunderclap","Armaments"],"picked":"Body Slam","floor":37.0},{"not_picked":["True Grit","Clash"],"picked":"Shrug It Off+1","floor":38.0},{"not_picked":["Havoc","Clash+1"],"picked":"Dual Wield+1","floor":41.0},{"not_picked":["Anger+1","Intimidate"],"picked":"Shockwave+1","floor":45.0},{"not_picked":["Dual Wield","Twin Strike"],"picked":"Flame Barrier","floor":46.0},{"not_picked":["Finesse","Jack Of All Trades"],"picked":"Blind","floor":48}],"player_experience":5343966,"relics_obtained":[{"floor":6.0,"key":"Gambling Chip"},{"floor":9.0,"key":"Self Forming Clay"},{"floor":12.0,"key":"Omamori"},{"floor":23.0,"key":"HornCleat"},{"floor":25.0,"key":"Centennial Puzzle"},{"floor":26.0,"key":"Akabeko"},{"floor":29.0,"key":"Bottled Lightning"},{"floor":41.0,"key":"Oddly Smooth Stone"},{"floor":43.0,"key":"Gremlin Horn"},{"floor":46.0,"key":"Juzu Bracelet"}],"event_choices":[{"damage_healed":0.0,"max_hp_gain":0.0,"max_hp_loss":0.0,"gold_gain":0.0,"event_name":"The Woman in Blue","player_choice":"Bought 1 Potion","floor":3.0,"gold_loss":0.0,"damage_taken":0.0},{"damage_healed":0.0,"max_hp_gain":0.0,"max_hp_loss":0.0,"gold_gain":0.0,"event_name":"The Mausoleum","player_choice":"Ignored","floor":22.0,"gold_loss":0.0,"damage_taken":0.0},{"damage_healed":0.0,"max_hp_gain":0.0,"max_hp_loss":0.0,"gold_gain":0.0,"event_name":"SecretPortal","player_choice":"Ignored","floor":36.0,"gold_loss":0.0,"damage_taken":0.0},{"cards_removed":["Combust"],"damage_healed":0.0,"max_hp_gain":0.0,"max_hp_loss":0.0,"gold_gain":0.0,"event_name":"Falling","player_choice":"Removed Power","floor":39.0,"gold_loss":0.0,"damage_taken":0.0},{"damage_healed":0.0,"max_hp_gain":0.0,"max_hp_loss":0.0,"gold_gain":50.0,"event_name":"Golden Shrine","player_choice":"Pray","floor":47.0,"gold_loss":0.0,"damage_taken":0.0},{"damage_healed":0,"gold_gain":0,"player_choice":"Memory 1","damage_taken":0,"max_hp_gain":0,"max_hp_loss":0,"event_name":"SensoryStone","floor":48,"gold_loss":0}],"is_beta":false,"boss_relics":[{"not_picked":["Runic Cube","Philosopher\u0027s Stone"],"picked":"Cursed Key"},{"not_picked":["Black Star","Fusion Hammer"],"picked":"Snecko Eye"}],"items_purged_floors":[19,30,44],"is_endless":false,"potions_floor_spawned":[1,6,10,16,18,21,24,27,31,37,41],"ascension_level":15}