{"gold_per_floor":[214,231,231,281,19,49,49,83,83,83,125,141,141,164,164,250,250,260,269,269,295,323,361,185,203,203,229,229,129,88,107,107,190,190,202,225,225,254,265,299,320,347,347,371,371,312,347,74,74,74],"floor_reached":51,"playtime":1793,"items_purged":["Strike_R","Strike_R","Strike_R"],"score":1400,"play_id":"aa9c9e1b-46d8-46dd-a4de-0d21f6bf9c0e","local_time":"20221124180111","is_ascension_mode":true,"campfire_choices":[{"floor":7.0,"key":"REST"},{"floor":10.0,"key":"REST"},{"data":"Inflame","floor":13.0,"key":"SMITH"},{"data":"Spot Weakness","floor":15.0,"key":"SMITH"},{"floor":28.0,"key":"REST"},{"floor":32.0,"key":"RECALL"},{"floor":45,"key":"REST"},{"floor":49,"key":"REST"}],"neow_cost":"NONE","seed_source_timestamp":0,"circlet_count":0,"master_deck":["AscendersBane","Defend_R","Defend_R","Defend_R","Defend_R","Bash","Sword Boomerang","Twin Strike","Inflame+1","Reaper","Spot Weakness+1","Impervious","Shrug It Off","Clothesline+1","Iron Wave+1","Double Tap","RitualDagger+1","Pommel Strike+1","Flame Barrier","Power Through+1","Battle Trance","Cleave+1","Exhume","Sword Boomerang+1","Anger+1","Limit Break","Heavy Blade+1","Pommel Strike+1","Blood for Blood+1","Burning Pact","Dual Wield+1","Feel No Pain","Twin Strike+1","Whirlwind+1","Evolve"],"special_seed":0,"relics":["Burning Blood","Question Card","Molten Egg 2","CeramicFish","Centennial Puzzle","Singing Bowl","Fusion Hammer","Letter Opener","Pantograph","Bronze Scales","Shuriken","Busted Crown","Pear","Paper Frog","Happy Flower","Orichalcum"],"potions_floor_usage":[35,40,41,42,50],"damage_taken":[{"damage":1.0,"enemies":"2 Louse","floor":1.0,"turns":3.0},{"damage":1.0,"enemies":"Cultist","floor":2.0,"turns":3.0},{"damage":36.0,"enemies":"Gremlin Nob","floor":6.0,"turns":4.0},{"damage":30.0,"enemies":"Lagavulin","floor":8.0,"turns":6.0},{"damage":35.0,"enemies":"3 Sentries","floor":11.0,"turns":7.0},{"damage":4.0,"enemies":"Jaw Worm","floor":12.0,"turns":4.0},{"damage":26.0,"enemies":"Exordium Thugs","floor":14.0,"turns":5.0},{"damage":25.0,"enemies":"Hexaghost","floor":16.0,"turns":8.0},{"damage":6.0,"enemies":"Spheric Guardian","floor":18.0,"turns":5.0},{"damage":6.0,"enemies":"3 Byrds","floor":21.0,"turns":4.0},{"damage":20.0,"enemies":"Snake Plant","floor":22.0,"turns":4.0},{"damage":34.0,"enemies":"Book of Stabbing","floor":23.0,"turns":4.0},{"damage":22.0,"enemies":"Slavers","floor":27.0,"turns":3.0},{"damage":10.0,"enemies":"Centurion and Healer","floor":31.0,"turns":3.0},{"damage":51.0,"enemies":"Automaton","floor":33.0,"turns":8.0},{"damage":6,"enemies":"Orb Walker","floor":35,"turns":2},{"damage":17,"enemies":"3 Darklings","floor":36,"turns":4},{"damage":2,"enemies":"Sphere and 2 Shapes","floor":38,"turns":4},{"damage":5,"enemies":"Jaw Worm Horde","floor":39,"turns":4},{"damage":38,"enemies":"Reptomancer","floor":40,"turns":6},{"damage":10,"enemies":"Maw","floor":41,"turns":6},{"damage":9,"enemies":"Nemesis","floor":42,"turns":5},{"damage":9,"enemies":"Sphere and 2 Shapes","floor":44,"turns":4},{"damage":22,"enemies":"Reptomancer","floor":47,"turns":5},{"damage":55,"enemies":"Donu and Deca","floor":50,"turns":6}],"seed_played":"8099416667358237024","potions_obtained":[{"floor":11.0,"key":"LiquidMemories"},{"floor":12.0,"key":"BloodPotion"},{"floor":16.0,"key":"SteroidPotion"},{"floor":27.0,"key":"FearPotion"},{"floor":35,"key":"Fruit Juice"},{"floor":40,"key":"LiquidBronze"},{"floor":41,"key":"LiquidMemories"},{"floor":47,"key":"Block Potion"}],"is_trial":false,"path_per_floor":["M","M","?","?","$","E","R","E","T","R","E","M","R","M","R","B",null,"M","?","T","M","M","E","$","?","T","E","R","$","$","M","R","B",null,"M","M","?","M","M","E","M","E","T","M","R","$","E","$","R","B",null],"character_chosen":"IRONCLAD","items_purchased":["Inflame","Reaper","Spot Weakness","Battle Trance","Cleave+1","Anger+1","Feel No Pain","SteroidPotion","Whirlwind+1","Evolve"],"campfire_rested":5,"item_purchase_floors":[5,5,5,24,24,30,46,48,48,48],"current_hp_per_floor":[73,75,49,42,42,16,38,14,14,36,28,41,41,35,35,27,65,67,61,61,79,73,45,45,45,45,65,81,81,81,79,79,56,76,85,85,81,81,83,66,81,80,80,90,100,100,90,90,100,51],"gold":74,"neow_bonus":"HUNDRED_GOLD","is_prod":false,"is_daily":false,"chose_seed":false,"campfire_upgraded":2,"win_rate":0,"timestamp":1669341671,"path_taken":["M","M","?","?","$","E","R","E","T","R","E","?","R","M","R","BOSS","M","?","?","M","?","E","$","?","T","E","R","?","$","M","R","BOSS","M","M","?","M","M","E","M","E","T","M","R","$","E","$","R","BOSS"],"build_version":"2022-10-04","purchased_purges":3,"victory":true,"max_hp_per_floor":[75,75,75,75,75,75,75,75,75,75,75,77,77,77,77,77,77,79,79,79,79,79,79,79,79,79,81,81,81,81,83,83,83,83,85,85,81,81,83,98,98,100,100,100,100,100,100,100,100,100],"relic_stats":{"Singing Bowl":14,"Happy Flower":[5],"counters":[25,117],"CeramicFish":207,"Letter Opener":[68],"Orichalcum":[6],"Question Card":22,"Burning Blood":135,"Centennial Puzzle":[60],"Busted Crown":18,"Shuriken":[20],"Pantograph":4,"Bronze Scales":[129],"obtain_stats":[{"Pear":40,"Singing Bowl":11,"Happy Flower":43,"CeramicFish":8,"Letter Opener":20,"Orichalcum":47,"Question Card":3,"Burning Blood":0,"Centennial Puzzle":9,"Busted Crown":34,"Shuriken":27,"Pantograph":23,"Bronze Scales":26,"Molten Egg 2":6,"Fusion Hammer":17,"Paper Frog":42},{"Pear":20,"Singing Bowl":5,"Happy Flower":22,"CeramicFish":4,"Letter Opener":9,"Orichalcum":24,"Question Card":2,"Burning Blood":0,"Centennial Puzzle":4,"Busted Crown":15,"Shuriken":13,"Pantograph":12,"Bronze Scales":12,"Molten Egg 2":3,"Fusion Hammer":8,"Paper Frog":22},{"Pear":91,"Singing Bowl":23,"Happy Flower":102,"CeramicFish":16,"Letter Opener":45,"Orichalcum":111,"Question Card":6,"Burning Blood":0,"Centennial Puzzle":16,"Busted Crown":71,"Shuriken":60,"Pantograph":57,"Bronze Scales":57,"Molten Egg 2":10,"Fusion Hammer":40,"Paper Frog":102}]},"card_choices":[{"not_picked":["Clash","Disarm"],"picked":"Sword Boomerang","floor":1.0},{"not_picked":["True Grit","Flex"],"picked":"Twin Strike","floor":2.0},{"not_picked":["Carnage+1","Wild Strike+1","True Grit"],"picked":"Impervious","floor":6.0},{"not_picked":["Flame Barrier","Rampage+1","Flex"],"picked":"Shrug It Off","floor":8.0},{"not_picked":["Infernal Blade","Wild Strike+1","Double Tap"],"picked":"Clothesline+1","floor":11.0},{"not_picked":["Clothesline+1","Shrug It Off","Armaments","Wild Strike+1"],"picked":"Singing Bowl","floor":12.0},{"not_picked":["Hemokinesis+1","Dark Embrace","Sword Boomerang+1"],"picked":"Iron Wave+1","floor":14.0},{"not_picked":["Berserk","Barricade","Brutality"],"picked":"Double Tap","floor":16.0},{"not_picked":["Clothesline+1","Sever Soul+1","Perfected Strike+1","Warcry"],"picked":"Singing Bowl","floor":18.0},{"not_picked":["Twin Strike+1","Warcry","Clash+1"],"picked":"Pommel Strike+1","floor":21.0},{"not_picked":["True Grit","Second Wind","Clash+1"],"picked":"Flame Barrier","floor":22.0},{"not_picked":["Infernal Blade","Thunderclap+1","Wild Strike+1"],"picked":"Power Through+1","floor":23.0},{"not_picked":["Barricade","Second Wind","Perfected Strike+1","Flex"],"picked":"Singing Bowl","floor":27.0},{"not_picked":["Inflame","Anger+1","Armaments","Dark Embrace"],"picked":"Singing Bowl","floor":31.0},{"not_picked":["Barricade","Brutality","Feed+1"],"picked":"Limit Break","floor":33.0},{"not_picked":["Flex","Warcry"],"picked":"Singing Bowl","floor":35},{"not_picked":["Dark Embrace"],"picked":"Heavy Blade+1","floor":36},{"not_picked":["Warcry"],"picked":"Pommel Strike+1","floor":38},{"not_picked":["Headbutt+1","Fire Breathing"],"picked":"Singing Bowl","floor":39},{"not_picked":["Warcry"],"picked":"Blood for Blood+1","floor":40},{"not_picked":["Havoc"],"picked":"Burning Pact","floor":41},{"not_picked":["Double Tap","True Grit"],"picked":"Singing Bowl","floor":42},{"not_picked":["Anger+1"],"picked":"Dual Wield+1","floor":44},{"not_picked":["Ghostly Armor"],"picked":"Twin Strike+1","floor":47}],"player_experience":5337459,"relics_obtained":[{"floor":6.0,"key":"Molten Egg 2"},{"floor":8.0,"key":"CeramicFish"},{"floor":9.0,"key":"Centennial Puzzle"},{"floor":11.0,"key":"Singing Bowl"},{"floor":20.0,"key":"Letter Opener"},{"floor":23.0,"key":"Pantograph"},{"floor":26.0,"key":"Bronze Scales"},{"floor":27.0,"key":"Shuriken"},{"floor":40,"key":"Pear"},{"floor":42,"key":"Paper Frog"},{"floor":43,"key":"Happy Flower"},{"floor":47,"key":"Orichalcum"}],"event_choices":[{"damage_healed":0.0,"max_hp_gain":0.0,"max_hp_loss":0.0,"gold_gain":0.0,"event_name":"Scrap Ooze","player_choice":"Success","floor":3.0,"gold_loss":0.0,"damage_taken":26.0,"relics_obtained":["Question Card"]},{"damage_healed":0.0,"max_hp_gain":0.0,"max_hp_loss":0.0,"gold_gain":50.0,"event_name":"FaceTrader","player_choice":"Touch","floor":4.0,"gold_loss":0.0,"damage_taken":7.0},{"damage_healed":0.0,"max_hp_gain":0.0,"max_hp_loss":0.0,"gold_gain":0.0,"event_name":"Nest","player_choice":"Joined the Cult","floor":19.0,"gold_loss":0.0,"damage_taken":6.0,"cards_obtained":["RitualDagger"]},{"damage_healed":0.0,"max_hp_gain":0.0,"max_hp_loss":0.0,"gold_gain":0.0,"cards_transformed":["Strike_R","Strike_R"],"event_name":"Drug Dealer","player_choice":"Became Test Subject","floor":25.0,"gold_loss":0.0,"damage_taken":0.0,"cards_obtained":["Exhume","Sword Boomerang"]},{"damage_healed":0,"gold_gain":0,"player_choice":"Max HP","damage_taken":0,"max_hp_gain":0,"max_hp_loss":4,"event_name":"Winding Halls","floor":37,"gold_loss":0}],"is_beta":false,"boss_relics":[{"not_picked":["Ectoplasm","Mark of Pain"],"picked":"Fusion Hammer"},{"not_picked":["Pandora\u0027s Box","Cursed Key"],"picked":"Busted Crown"}],"items_purged_floors":[24,29,48],"is_endless":false,"potions_floor_spawned":[11,12,16,22,27,31,33,35,40,41,47],"ascension_level":15}