{"gold_per_floor":[18,31,31,31,45,45,76,100,126,149,189,189,224,243,243,333,333,349,368,368,20,34,34,34],"floor_reached":24,"playtime":746,"items_purged":["Strike_R"],"score":382,"play_id":"c1fc34c0-667c-43b4-a66a-6a810c57bab7","local_time":"20221129204307","is_ascension_mode":true,"campfire_choices":[{"data":"Blood for Blood","floor":6.0,"key":"SMITH"},{"floor":12,"key":"REST"},{"floor":15,"key":"REST"},{"floor":23,"key":"REST"}],"neow_cost":"NO_GOLD","seed_source_timestamp":215043000213100,"circlet_count":0,"master_deck":["AscendersBane","Strike_R","Strike_R","Strike_R","Strike_R","Defend_R","Defend_R","Defend_R","Defend_R","Bash","Inflame","Blood for Blood+1","Thunderclap","Combust","Feel No Pain","Fiend Fire","Cleave","Clothesline","Armaments","Reaper","Pummel","Entrench+1","Disarm"],"special_seed":0,"relics":["Burning Blood","Golden Idol","Blood Vial","Red Skull","Vajra","Oddly Smooth Stone","SlaversCollar","Nloth\u0027s Gift","Sling"],"potions_floor_usage":[11,19,21,22],"damage_taken":[{"damage":17.0,"enemies":"Jaw Worm","floor":1.0,"turns":5.0},{"damage":1.0,"enemies":"Cultist","floor":2.0,"turns":3.0},{"damage":6.0,"enemies":"2 Louse","floor":5.0,"turns":3.0},{"damage":21.0,"enemies":"Gremlin Nob","floor":7.0,"turns":4.0},{"damage":42,"enemies":"Gremlin Gang","floor":8,"turns":4},{"damage":9,"enemies":"2 Fungi Beasts","floor":10,"turns":3},{"damage":15,"enemies":"3 Sentries","floor":11,"turns":4},{"damage":38,"enemies":"Lagavulin","floor":13,"turns":6},{"damage":4,"enemies":"Red Slaver","floor":14,"turns":2},{"damage":30,"enemies":"The Guardian","floor":16,"turns":11},{"damage":23,"enemies":"Shell Parasite","floor":18,"turns":6},{"damage":25,"enemies":"Spheric Guardian","floor":19,"turns":4},{"damage":33,"enemies":"Snecko","floor":22,"turns":7},{"damage":46,"enemies":"Sentry and Sphere","floor":24,"turns":3}],"seed_played":"7419998194913374543","potions_obtained":[{"floor":1.0,"key":"FearPotion"},{"floor":2.0,"key":"BloodPotion"},{"floor":11,"key":"SpeedPotion"},{"floor":16,"key":"SpeedPotion"},{"floor":19,"key":"Fruit Juice"}],"is_trial":false,"path_per_floor":["M","M","?","?","M","R","E","M","T","M","E","R","E","M","R","B",null,"M","M","?","$","M","R","M"],"character_chosen":"IRONCLAD","items_purchased":["Sling","Disarm","PowerPotion"],"campfire_rested":3,"item_purchase_floors":[21,21,21],"current_hp_per_floor":[57,62,62,62,62,62,47,13,13,12,18,38,8,12,32,10,54,44,27,27,32,15,36,0],"gold":34,"neow_bonus":"ONE_RARE_RELIC","is_prod":false,"is_daily":false,"chose_seed":false,"campfire_upgraded":1,"win_rate":0,"timestamp":1669783387,"path_taken":["M","M","?","?","M","R","E","M","T","?","E","R","E","M","R","BOSS","M","M","?","$","M","R","?"],"build_version":"2022-10-04","purchased_purges":1,"victory":false,"max_hp_per_floor":[75,75,68,68,68,68,68,68,68,68,68,68,68,68,68,68,68,68,68,68,73,73,73,73],"relic_stats":{"Blood Vial":20,"counters":[14,65],"Golden Idol":69,"Nloth\u0027s Gift":1,"obtain_stats":[{"Blood Vial":7,"SlaversCollar":17,"Shovel":0,"Golden Idol":3,"Vajra":11,"Oddly Smooth Stone":13,"Nloth\u0027s Gift":20,"Sling":21,"Burning Blood":0,"Red Skull":9},{"Blood Vial":4,"SlaversCollar":10,"Shovel":0,"Golden Idol":2,"Vajra":7,"Oddly Smooth Stone":8,"Nloth\u0027s Gift":12,"Sling":12,"Burning Blood":0,"Red Skull":5},{"Blood Vial":15,"SlaversCollar":45,"Shovel":0,"Golden Idol":8,"Vajra":26,"Oddly Smooth Stone":32,"Nloth\u0027s Gift":55,"Sling":55,"Burning Blood":0,"Red Skull":19}],"Burning Blood":78},"card_choices":[{"not_picked":["Havoc","Hemokinesis"],"picked":"Inflame","floor":1.0},{"not_picked":["Warcry","Rampage"],"picked":"Blood for Blood","floor":2.0},{"not_picked":["Headbutt","Entrench"],"picked":"Combust","floor":5.0},{"not_picked":["Iron Wave","Dropkick"],"picked":"Feel No Pain","floor":7.0},{"not_picked":["Flex","Wild Strike"],"picked":"Fiend Fire","floor":8},{"not_picked":["Warcry","Havoc"],"picked":"Cleave","floor":10},{"not_picked":["Feel No Pain","Intimidate"],"picked":"Clothesline","floor":11},{"not_picked":["Whirlwind","Sword Boomerang","Fiend Fire"],"picked":"SKIP","floor":13},{"not_picked":["Shockwave","Searing Blow"],"picked":"Armaments","floor":14},{"not_picked":["Bludgeon","Exhume"],"picked":"Reaper","floor":16},{"not_picked":["Sword Boomerang","Armaments"],"picked":"Pummel","floor":18},{"not_picked":["Cleave","Pummel"],"picked":"Entrench+1","floor":19},{"not_picked":["Flex","Body Slam","Bludgeon"],"picked":"SKIP","floor":22}],"player_experience":5346218,"relics_obtained":[{"floor":7.0,"key":"Blood Vial"},{"floor":9,"key":"Red Skull"},{"floor":11,"key":"Vajra"},{"floor":13,"key":"Oddly Smooth Stone"}],"event_choices":[{"damage_healed":0.0,"max_hp_gain":0.0,"max_hp_loss":7.0,"gold_gain":0.0,"event_name":"Golden Idol","player_choice":"Lose Max HP","floor":3.0,"gold_loss":0.0,"damage_taken":0.0,"relics_obtained":["Golden Idol"]},{"damage_healed":0.0,"max_hp_gain":0.0,"max_hp_loss":0.0,"gold_gain":0.0,"event_name":"Match and Keep!","player_choice":"1 cards matched","floor":4.0,"gold_loss":0.0,"damage_taken":0.0,"cards_obtained":["Thunderclap"]},{"damage_healed":0,"gold_gain":0,"player_choice":"Traded Relic","damage_taken":0,"relics_obtained":["Nloth\u0027s Gift"],"max_hp_gain":0,"max_hp_loss":0,"event_name":"N\u0027loth","floor":20,"relics_lost":["Shovel"],"gold_loss":0}],"is_beta":false,"boss_relics":[{"not_picked":["Runic Dome","Black Star"],"picked":"SlaversCollar"}],"items_purged_floors":[21],"is_endless":false,"potions_floor_spawned":[1,2,11,16,19],"killed_by":"Sentry and Sphere","ascension_level":15}