{"gold_per_floor":[211,229,249,214,214,254,254,285,360,435,478,496,91,145,145,235,235,235,2,2,0,0,0,0,0,0,0,0,0,0,0,0,0,0,0,0,0,0,0,0,0,0,0,0,0,0,0,0,0,0],"floor_reached":51,"playtime":1868,"items_purged":["Strike_R"],"score":1522,"play_id":"b624ab98-1e63-4790-b490-d3a0b62058ac","local_time":"20221205202226","is_ascension_mode":true,"campfire_choices":[{"data":"Bash","floor":7.0,"key":"SMITH"},{"data":"Uppercut","floor":15.0,"key":"SMITH"},{"data":"Apotheosis","floor":24.0,"key":"SMITH"},{"data":"Demon Form","floor":29.0,"key":"SMITH"},{"floor":32.0,"key":"REST"},{"data":"Feel No Pain","floor":41.0,"key":"SMITH"},{"floor":47,"key":"REST"},{"data":"Flame Barrier","floor":49,"key":"SMITH"}],"neow_cost":"NONE","seed_source_timestamp":41159857461000,"circlet_count":0,"master_deck":["AscendersBane","Strike_R","Strike_R","Strike_R","Defend_R","Defend_R","Defend_R","Defend_R","Bash+1","Combust","Hemokinesis","Shrug It Off","Anger","Flame Barrier+1","Shrug It Off","Demon Form+1","Feel No Pain+1","HandOfGreed","Uppercut+1","Double Tap","Battle Trance+1","Apotheosis+1","Cleave","Disarm","Feed","CurseOfTheBell","Entrench+1","Sword Boomerang+1","Power Through","Pommel Strike+1"],"special_seed":0,"relics":["Burning Blood","Golden Idol","Thread and Needle","Bag of Marbles","StrikeDummy","MealTicket","Pocketwatch","Ectoplasm","SsserpentHead","Sundial","Boot","Orichalcum","Lantern","Calling Bell","Tiny Chest","Molten Egg 2","Champion Belt","Vajra","Bag of Preparation","StoneCalendar","Calipers"],"potions_floor_usage":[45,50],"damage_taken":[{"damage":4.0,"enemies":"Small Slimes","floor":1.0,"turns":3.0},{"damage":14.0,"enemies":"Jaw Worm","floor":2.0,"turns":3.0},{"damage":10.0,"enemies":"Cultist","floor":3.0,"turns":3.0},{"damage":32.0,"enemies":"Lagavulin","floor":6.0,"turns":7.0},{"damage":15.0,"enemies":"Gremlin Nob","floor":8.0,"turns":4.0},{"damage":10.0,"enemies":"3 Sentries","floor":11.0,"turns":7.0},{"damage":2.0,"enemies":"2 Fungi Beasts","floor":12.0,"turns":3.0},{"damage":4.0,"enemies":"Lagavulin","floor":14.0,"turns":7.0},{"damage":25.0,"enemies":"Hexaghost","floor":16.0,"turns":9.0},{"damage":2.0,"enemies":"3 Byrds","floor":18.0,"turns":4.0},{"damage":10.0,"enemies":"2 Thieves","floor":21.0,"turns":4.0},{"damage":14.0,"enemies":"Centurion and Healer","floor":22.0,"turns":5.0},{"damage":0.0,"enemies":"Book of Stabbing","floor":23.0,"turns":6.0},{"damage":24.0,"enemies":"Slavers","floor":25.0,"turns":5.0},{"damage":4.0,"enemies":"Gremlin Leader","floor":27.0,"turns":5.0},{"damage":1.0,"enemies":"Snecko","floor":30.0,"turns":4.0},{"damage":5.0,"enemies":"Cultist and Chosen","floor":31.0,"turns":5.0},{"damage":11.0,"enemies":"Automaton","floor":33.0,"turns":10.0},{"damage":9.0,"enemies":"3 Shapes","floor":35.0,"turns":5.0},{"damage":2.0,"enemies":"Orb Walker","floor":39.0,"turns":3.0},{"damage":22.0,"enemies":"Reptomancer","floor":40.0,"turns":9.0},{"damage":14.0,"enemies":"Transient","floor":42.0,"turns":5.0},{"damage":24.0,"enemies":"Nemesis","floor":44.0,"turns":6.0},{"damage":0,"enemies":"Jaw Worm Horde","floor":45,"turns":4},{"damage":55,"enemies":"Donu and Deca","floor":50,"turns":8}],"seed_played":"1003566732325444330","potions_obtained":[{"floor":1.0,"key":"Weak Potion"},{"floor":3.0,"key":"DuplicationPotion"},{"floor":11.0,"key":"SkillPotion"},{"floor":16.0,"key":"HeartOfIron"},{"floor":23.0,"key":"Swift Potion"},{"floor":25.0,"key":"Explosive Potion"},{"floor":27.0,"key":"SpeedPotion"},{"floor":39.0,"key":"DistilledChaos"},{"floor":42.0,"key":"BlessingOfTheForge"}],"is_trial":false,"path_per_floor":["M","M","M","?","?","E","R","E","T","?","E","M","$","E","R","B",null,"M","$","?","M","M","E","R","E","T","E","?","R","M","M","R","B",null,"M","$","?","?","M","E","R","M","T","E","M","T","R","$","R","B",null],"character_chosen":"IRONCLAD","items_purchased":["Feel No Pain","HandOfGreed","LiquidBronze","Apotheosis","Cleave"],"campfire_rested":2,"item_purchase_floors":[13,13,13,19,19],"current_hp_per_floor":[70,62,58,75,68,42,42,33,33,22,18,22,37,39,39,20,56,60,68,68,64,56,62,62,44,44,46,46,46,51,52,68,63,67,68,72,72,72,72,56,56,48,48,30,40,40,62,76,76,27],"gold":0,"neow_bonus":"HUNDRED_GOLD","is_prod":false,"is_daily":false,"chose_seed":false,"campfire_upgraded":6,"win_rate":0,"timestamp":1670300546,"path_taken":["M","M","M","?","?","E","R","E","T","?","E","M","$","E","R","BOSS","M","$","?","?","M","E","R","E","T","E","?","R","M","M","R","BOSS","M","$","?","?","?","E","R","M","T","E","M","?","R","$","R","BOSS"],"build_version":"2022-12-01","purchased_purges":1,"victory":true,"max_hp_per_floor":[75,75,75,75,68,68,68,68,68,68,68,68,68,68,68,68,68,68,68,68,68,68,68,68,68,68,68,68,68,68,68,68,68,68,72,72,72,72,72,72,72,72,72,72,76,76,76,76,76,76],"relic_stats":{"Calipers":[0],"counters":[25,134],"Golden Idol":167,"StoneCalendar":[36],"Bag of Preparation":[6],"Orichalcum":[132],"Boot":[18],"Burning Blood":146,"SsserpentHead":0,"Sundial":[10],"MealTicket":41,"Tiny Chest":1,"Ectoplasm":929,"Champion Belt":[25],"obtain_stats":[{"Lantern":27,"Calipers":46,"Golden Idol":5,"Vajra":40,"Thread and Needle":6,"StoneCalendar":44,"Bag of Preparation":43,"Orichalcum":26,"Boot":25,"Burning Blood":0,"Calling Bell":34,"SsserpentHead":20,"Sundial":23,"MealTicket":11,"Tiny Chest":34,"Molten Egg 2":34,"Ectoplasm":17,"Bag of Marbles":8,"Champion Belt":34,"StrikeDummy":9,"Pocketwatch":14},{"Lantern":15,"Calipers":24,"Golden Idol":3,"Vajra":21,"Thread and Needle":4,"StoneCalendar":23,"Bag of Preparation":22,"Orichalcum":14,"Boot":14,"Burning Blood":0,"Calling Bell":18,"SsserpentHead":10,"Sundial":13,"MealTicket":6,"Tiny Chest":18,"Molten Egg 2":18,"Ectoplasm":9,"Bag of Marbles":5,"Champion Belt":18,"StrikeDummy":5,"Pocketwatch":8},{"Lantern":75,"Calipers":126,"Golden Idol":9,"Vajra":111,"Thread and Needle":16,"StoneCalendar":122,"Bag of Preparation":116,"Orichalcum":70,"Boot":70,"Burning Blood":0,"Calling Bell":94,"SsserpentHead":50,"Sundial":65,"MealTicket":27,"Tiny Chest":94,"Molten Egg 2":94,"Ectoplasm":46,"Bag of Marbles":20,"Champion Belt":94,"StrikeDummy":20,"Pocketwatch":37}],"Pocketwatch":[195]},"card_choices":[{"not_picked":["Fire Breathing","Body Slam"],"picked":"Combust","floor":1.0},{"not_picked":["True Grit","Clothesline"],"picked":"Hemokinesis","floor":2.0},{"not_picked":["Thunderclap","Havoc"],"picked":"Shrug It Off","floor":3.0},{"not_picked":["Shockwave","Wild Strike"],"picked":"Anger","floor":6.0},{"not_picked":["Pommel Strike","Cleave"],"picked":"Flame Barrier","floor":8.0},{"not_picked":["Sword Boomerang","Headbutt"],"picked":"Shrug It Off","floor":11.0},{"not_picked":["Rage","Intimidate"],"picked":"Demon Form","floor":12.0},{"not_picked":["Headbutt","Clothesline"],"picked":"Uppercut","floor":14.0},{"not_picked":["Barricade","Demon Form"],"picked":"Double Tap","floor":16.0},{"not_picked":["Wild Strike","Sword Boomerang"],"picked":"Battle Trance+1","floor":18.0},{"not_picked":["Wild Strike","Havoc","Flex"],"picked":"SKIP","floor":21.0},{"not_picked":["Flex","Feel No Pain"],"picked":"Disarm","floor":22.0},{"not_picked":["Battle Trance","Rage","Feel No Pain"],"picked":"SKIP","floor":23.0},{"not_picked":["Heavy Blade","Body Slam","Demon Form"],"picked":"SKIP","floor":25.0},{"not_picked":["Carnage","Combust","Pommel Strike"],"picked":"SKIP","floor":27.0},{"not_picked":["Wild Strike","Reckless Charge","Havoc"],"picked":"SKIP","floor":30.0},{"not_picked":["Shrug It Off","Entrench","Body Slam"],"picked":"SKIP","floor":31.0},{"not_picked":["Brutality","Double Tap"],"picked":"Feed","floor":33.0},{"not_picked":["Warcry","True Grit"],"picked":"Entrench+1","floor":35.0},{"not_picked":["Rage+1","Clash+1","Sentinel+1"],"picked":"SKIP","floor":39.0},{"not_picked":["Double Tap","Flame Barrier"],"picked":"Sword Boomerang+1","floor":40.0},{"not_picked":["Seeing Red","Burning Pact"],"picked":"Power Through","floor":42.0},{"not_picked":["Combust","Berserk","Anger+1"],"picked":"SKIP","floor":44.0},{"not_picked":["Pommel Strike+1","Entrench","Cleave+1"],"picked":"SKIP","floor":45},{"not_picked":["Entrench","Cleave+1"],"picked":"Pommel Strike+1","floor":45}],"player_experience":5352847,"relics_obtained":[{"floor":6.0,"key":"Thread and Needle"},{"floor":8.0,"key":"Bag of Marbles"},{"floor":9.0,"key":"StrikeDummy"},{"floor":11.0,"key":"MealTicket"},{"floor":14.0,"key":"Pocketwatch"},{"floor":23.0,"key":"Sundial"},{"floor":25.0,"key":"Boot"},{"floor":26.0,"key":"Orichalcum"},{"floor":27.0,"key":"Lantern"},{"floor":34.0,"key":"Tiny Chest"},{"floor":34.0,"key":"Molten Egg 2"},{"floor":34.0,"key":"Champion Belt"},{"floor":40.0,"key":"Vajra"},{"floor":43.0,"key":"Bag of Preparation"},{"floor":44.0,"key":"StoneCalendar"},{"floor":46,"key":"Calipers"}],"event_choices":[{"damage_healed":18.0,"max_hp_gain":0.0,"max_hp_loss":0.0,"gold_gain":0.0,"event_name":"The Cleric","player_choice":"Healed","floor":4.0,"gold_loss":35.0,"damage_taken":0.0},{"damage_healed":0.0,"max_hp_gain":0.0,"max_hp_loss":7.0,"gold_gain":0.0,"event_name":"Golden Idol","player_choice":"Lose Max HP","floor":5.0,"gold_loss":0.0,"damage_taken":0.0,"relics_obtained":["Golden Idol"]},{"damage_healed":0.0,"max_hp_gain":0.0,"max_hp_loss":0.0,"gold_gain":75.0,"event_name":"World of Goop","player_choice":"Gather Gold","floor":10.0,"gold_loss":0.0,"damage_taken":11.0},{"damage_healed":0.0,"max_hp_gain":0.0,"max_hp_loss":0.0,"gold_gain":0.0,"event_name":"FaceTrader","player_choice":"Trade","floor":20.0,"gold_loss":0.0,"damage_taken":0.0,"relics_obtained":["SsserpentHead"]},{"damage_healed":0.0,"max_hp_gain":0.0,"max_hp_loss":0.0,"gold_gain":0.0,"event_name":"SensoryStone","player_choice":"Memory 1","floor":37.0,"gold_loss":0.0,"damage_taken":0.0},{"cards_removed":["Strike_R"],"damage_healed":0.0,"max_hp_gain":0.0,"max_hp_loss":0.0,"gold_gain":0.0,"event_name":"Purifier","player_choice":"Purged","floor":38.0,"gold_loss":0.0,"damage_taken":0.0}],"is_beta":false,"boss_relics":[{"not_picked":["Runic Cube","Pandora\u0027s Box"],"picked":"Ectoplasm"},{"not_picked":["Runic Dome","Black Star"],"picked":"Calling Bell"}],"items_purged_floors":[13],"is_endless":false,"potions_floor_spawned":[1,3,11,14,16,22,23,25,27,35,39,42,44],"ascension_level":15}