{"gold_per_floor":[112,112,123,123,50,50,50,68,93,93,125,125,153,168,168,244,244,254,238,123,142,174,174,204,204,204,204,221,247,267,300,300,377,377,391,70,89,89,89,115,115,140,140,198,235,235,274,296,296,296],"floor_reached":51,"playtime":2441,"items_purged":["Strike_R","Strike_R"],"score":1498,"play_id":"f5c3e150-e367-460f-be77-dce24af31360","local_time":"20221216210823","is_ascension_mode":true,"campfire_choices":[{"data":"Bash","floor":6,"key":"SMITH"},{"data":"Inflame","floor":10,"key":"SMITH"},{"data":"Flame Barrier","floor":15,"key":"SMITH"},{"data":"Rage","floor":23,"key":"SMITH"},{"data":"Armaments","floor":25,"key":"SMITH"},{"data":"Feed","floor":27,"key":"SMITH"},{"floor":32,"key":"REST"},{"data":"True Grit","floor":41,"key":"SMITH"},{"data":"Entrench","floor":46,"key":"SMITH"},{"data":"Dark Embrace","floor":49,"key":"SMITH"}],"neow_cost":"NONE","seed_source_timestamp":127615679466900,"circlet_count":0,"master_deck":["AscendersBane","Strike_R","Strike_R+1","Strike_R+1","Defend_R","Defend_R","Defend_R+1","Bash+1","Anger","Inflame+1","Flame Barrier+1","Dark Embrace+1","Reaper","Heavy Blade","Feed+1","True Grit+1","Iron Wave","Rage+1","Intimidate+1","Spot Weakness+1","Armaments+1","Thunderclap","Body Slam+1","Feel No Pain+1","Impervious+1","Cleave","Entrench+1","Impervious","Intimidate+1","Metallicize+1","Disarm+1"],"relics":["Burning Blood","Juzu Bracelet","Singing Bowl","Vajra","Question Card","Red Skull","Runic Pyramid","Red Mask","Pantograph","Shuriken","Orichalcum","Matryoshka","Velvet Choker","War Paint","Potion Belt","Charon\u0027s Ashes","Happy Flower","CeramicFish","Gambling Chip","Strawberry","Torii"],"potions_floor_usage":[11,13,21,22,24,30,33,44,50,50,50,50],"damage_taken":[{"damage":14,"enemies":"Small Slimes","floor":1,"turns":4},{"damage":9,"enemies":"Jaw Worm","floor":3,"turns":4},{"damage":1,"enemies":"Cultist","floor":8,"turns":3},{"damage":20,"enemies":"Lagavulin","floor":11,"turns":5},{"damage":23,"enemies":"3 Sentries","floor":13,"turns":8},{"damage":8,"enemies":"Blue Slaver","floor":14,"turns":3},{"damage":28,"enemies":"The Guardian","floor":16,"turns":10},{"damage":11,"enemies":"Spheric Guardian","floor":18,"turns":4},{"damage":16,"enemies":"2 Thieves","floor":19,"turns":4},{"damage":10,"enemies":"Snake Plant","floor":21,"turns":5},{"damage":41,"enemies":"Masked Bandits","floor":22,"turns":6},{"damage":30,"enemies":"Gremlin Leader","floor":24,"turns":7},{"damage":45,"enemies":"Sentry and Sphere","floor":28,"turns":5},{"damage":39,"enemies":"Slavers","floor":29,"turns":6},{"damage":10,"enemies":"Centurion and Healer","floor":30,"turns":6},{"damage":40,"enemies":"Book of Stabbing","floor":31,"turns":5},{"damage":95,"enemies":"Collector","floor":33,"turns":12},{"damage":30,"enemies":"3 Darklings","floor":35,"turns":6},{"damage":8,"enemies":"Orb Walker","floor":37,"turns":4},{"damage":60,"enemies":"Reptomancer","floor":40,"turns":8},{"damage":0,"enemies":"Mind Bloom Boss Battle","floor":42,"turns":7},{"damage":7,"enemies":"2 Orb Walkers","floor":44,"turns":4},{"damage":0,"enemies":"Giant Head","floor":45,"turns":7},{"damage":18,"enemies":"Nemesis","floor":47,"turns":9},{"damage":8,"enemies":"Jaw Worm Horde","floor":48,"turns":4},{"damage":26,"enemies":"Awakened One","floor":50,"turns":13}],"seed_played":"1396431362451591999","potions_obtained":[{"floor":1,"key":"SkillPotion"},{"floor":3,"key":"Regen Potion"},{"floor":13,"key":"GamblersBrew"},{"floor":14,"key":"Explosive Potion"},{"floor":19,"key":"BlessingOfTheForge"},{"floor":21,"key":"Weak Potion"},{"floor":22,"key":"AttackPotion"},{"floor":29,"key":"Fruit Juice"},{"floor":30,"key":"SneckoOil"},{"floor":31,"key":"BloodPotion"},{"floor":42,"key":"Fire Potion"},{"floor":45,"key":"DuplicationPotion"},{"floor":47,"key":"Weak Potion"}],"is_trial":false,"path_per_floor":["M","?","M","?","$","R","$","M","T","R","E","?","E","M","R","B",null,"M","M","$","M","?","R","E","R","T","R","M","E","M","E","R","B",null,"M","$","M","?","?","E","R","?","T","?","E","R","E","M","R","B",null],"character_chosen":"IRONCLAD","items_purchased":["Inflame","Rage","Cleave","War Paint","SteroidPotion"],"campfire_rested":1,"item_purchase_floors":[5,20,36,36,36],"current_hp_per_floor":[60,55,52,52,52,52,52,57,57,57,43,20,18,24,24,13,60,58,51,51,60,44,44,58,58,58,58,50,54,70,53,84,51,95,99,99,99,99,99,96,96,122,122,125,137,137,141,141,141,145],"gold":296,"neow_bonus":"RANDOM_COMMON_RELIC","is_prod":false,"is_daily":false,"chose_seed":false,"campfire_upgraded":9,"win_rate":0,"timestamp":1671253703,"path_taken":["M","?","M","?","?","R","$","M","T","R","E","?","E","M","R","BOSS","M","M","$","M","?","R","E","R","T","R","M","E","M","E","R","BOSS","M","$","M","?","?","E","R","?","T","?","E","R","E","M","R","BOSS"],"build_version":"2022-12-01","purchased_purges":2,"victory":true,"max_hp_per_floor":[75,75,75,75,75,75,75,75,75,75,75,75,75,75,75,75,75,78,81,81,85,88,88,91,91,91,91,93,97,106,106,106,110,110,116,116,118,118,112,118,118,122,122,126,137,137,141,141,141,145],"relic_stats":{"Singing Bowl":8,"Happy Flower":[12],"Torii":10,"counters":[26,159],"CeramicFish":36,"Charon\u0027s Ashes":[96],"Juzu Bracelet":2,"Orichalcum":[84],"War Paint":["Impervious","Defend_R"],"Question Card":21,"Burning Blood":127,"Matryoshka":1,"Shuriken":[26],"Pantograph":44,"Gambling Chip":[9],"obtain_stats":[{"Potion Belt":40,"Singing Bowl":2,"Happy Flower":43,"Torii":47,"CeramicFish":43,"Vajra":9,"Velvet Choker":34,"Charon\u0027s Ashes":42,"Juzu Bracelet":0,"Orichalcum":29,"War Paint":36,"Question Card":11,"Burning Blood":0,"Matryoshka":31,"Shuriken":26,"Pantograph":24,"Gambling Chip":44,"Strawberry":45,"Red Mask":22,"Red Skull":13,"Runic Pyramid":17},{"Potion Belt":20,"Singing Bowl":1,"Happy Flower":21,"Torii":24,"CeramicFish":21,"Vajra":3,"Velvet Choker":17,"Charon\u0027s Ashes":21,"Juzu Bracelet":0,"Orichalcum":14,"War Paint":18,"Question Card":4,"Burning Blood":0,"Matryoshka":16,"Shuriken":12,"Pantograph":12,"Gambling Chip":22,"Strawberry":23,"Red Mask":11,"Red Skull":5,"Runic Pyramid":7},{"Potion Belt":115,"Singing Bowl":4,"Happy Flower":122,"Torii":142,"CeramicFish":122,"Vajra":11,"Velvet Choker":97,"Charon\u0027s Ashes":122,"Juzu Bracelet":0,"Orichalcum":74,"War Paint":103,"Question Card":16,"Burning Blood":0,"Matryoshka":85,"Shuriken":63,"Pantograph":63,"Gambling Chip":126,"Strawberry":133,"Red Mask":56,"Red Skull":24,"Runic Pyramid":37}]},"card_choices":[{"not_picked":["Dual Wield","Dropkick","Evolve"],"picked":"SKIP","floor":1},{"not_picked":["Clothesline","Intimidate"],"picked":"Anger","floor":3},{"not_picked":["Heavy Blade","Rage"],"picked":"Flame Barrier","floor":8},{"not_picked":["Second Wind","Anger"],"picked":"Dark Embrace","floor":11},{"not_picked":["Offering","Fiend Fire","Twin Strike"],"picked":"Reaper","floor":13},{"not_picked":["Armaments","Warcry","Cleave"],"picked":"Heavy Blade","floor":14},{"not_picked":["Impervious","Exhume","Berserk"],"picked":"Feed","floor":16},{"not_picked":["Twin Strike","Heavy Blade","Burning Pact"],"picked":"True Grit","floor":18},{"not_picked":["Pommel Strike","Heavy Blade","Flame Barrier"],"picked":"Iron Wave","floor":19},{"not_picked":["Thunderclap","Rupture","Shrug It Off"],"picked":"Intimidate+1","floor":21},{"not_picked":["Infernal Blade","Metallicize","Perfected Strike+1"],"picked":"Spot Weakness+1","floor":22},{"not_picked":["Battle Trance","Clothesline","Thunderclap"],"picked":"Armaments","floor":24},{"not_picked":["Armaments","Anger","Bludgeon","Warcry"],"picked":"Singing Bowl","floor":28},{"not_picked":["Heavy Blade","Perfected Strike","Evolve"],"picked":"Thunderclap","floor":29},{"not_picked":["Combust","Sword Boomerang","Rampage"],"picked":"Body Slam+1","floor":30},{"not_picked":["Juggernaut","Exhume","Clash"],"picked":"Feel No Pain+1","floor":31},{"not_picked":["Feed","Reaper","Brutality"],"picked":"Impervious","floor":33},{"not_picked":["Iron Wave+1","Clash+1","Headbutt","Perfected Strike"],"picked":"Singing Bowl","floor":35},{"not_picked":["True Grit","Evolve","Armaments","Rampage"],"picked":"Singing Bowl","floor":37},{"not_picked":["Wild Strike","Feel No Pain","Heavy Blade","Pommel Strike"],"picked":"Singing Bowl","floor":40},{"not_picked":["Sentinel","Thunderclap","Battle Trance"],"picked":"Entrench","floor":42},{"not_picked":["Havoc","Flex","Body Slam+1"],"picked":"Impervious","floor":44},{"not_picked":["Pummel","Body Slam+1","Rupture+1"],"picked":"Intimidate+1","floor":45},{"not_picked":["Clothesline","Rage","Sentinel"],"picked":"Metallicize+1","floor":47},{"not_picked":["Headbutt","Wild Strike","Clothesline"],"picked":"Disarm+1","floor":48}],"player_experience":5356217,"relics_obtained":[{"floor":9,"key":"Vajra"},{"floor":11,"key":"Question Card"},{"floor":13,"key":"Red Skull"},{"floor":22,"key":"Red Mask"},{"floor":24,"key":"Pantograph"},{"floor":26,"key":"Shuriken"},{"floor":29,"key":"Orichalcum"},{"floor":31,"key":"Matryoshka"},{"floor":40,"key":"Potion Belt"},{"floor":42,"key":"Charon\u0027s Ashes"},{"floor":43,"key":"Happy Flower"},{"floor":43,"key":"CeramicFish"},{"floor":44,"key":"Gambling Chip"},{"floor":45,"key":"Strawberry"},{"floor":47,"key":"Torii"}],"event_choices":[{"damage_healed":0,"gold_gain":0,"player_choice":"Success","damage_taken":5,"relics_obtained":["Singing Bowl"],"max_hp_gain":0,"max_hp_loss":0,"event_name":"Scrap Ooze","floor":2,"gold_loss":0},{"damage_healed":0,"gold_gain":0,"player_choice":"Ignored","damage_taken":0,"max_hp_gain":0,"max_hp_loss":0,"event_name":"Golden Wing","floor":4,"gold_loss":0},{"damage_healed":0,"gold_gain":0,"player_choice":"Entered Light","damage_taken":23,"max_hp_gain":0,"max_hp_loss":0,"event_name":"Shining Light","floor":12,"gold_loss":0,"cards_upgraded":["Strike_R","Strike_R"]},{"damage_healed":0,"gold_gain":0,"player_choice":"Fought Bandits","damage_taken":0,"max_hp_gain":0,"max_hp_loss":0,"event_name":"Masked Bandits","floor":22,"gold_loss":0},{"cards_removed":["Defend_R"],"damage_healed":0,"gold_gain":0,"player_choice":"Removed Skill","damage_taken":0,"max_hp_gain":0,"max_hp_loss":0,"event_name":"Falling","floor":38,"gold_loss":0},{"damage_healed":0,"gold_gain":0,"player_choice":"Max HP","damage_taken":0,"max_hp_gain":0,"max_hp_loss":6,"event_name":"Winding Halls","floor":39,"gold_loss":0},{"damage_healed":0,"gold_gain":0,"player_choice":"Fight","damage_taken":0,"max_hp_gain":0,"max_hp_loss":0,"event_name":"MindBloom","floor":42,"gold_loss":0},{"damage_healed":0,"gold_gain":0,"player_choice":"Fight","damage_taken":0,"max_hp_gain":0,"max_hp_loss":0,"event_name":"Mysterious Sphere","floor":44,"gold_loss":0}],"is_beta":false,"boss_relics":[{"not_picked":["SacredBark","Black Star"],"picked":"Runic Pyramid"},{"not_picked":["Black Blood","Mark of Pain"],"picked":"Velvet Choker"}],"items_purged_floors":[20,36],"is_endless":false,"potions_floor_spawned":[1,3,13,14,16,19,21,22,29,30,31,42,45,47],"ascension_level":15}