{"gold_per_floor":[364,71,86,86,116,116,163,163,186,256,301,367,332,412,412,515,515,550,229,265,265,78,108,60,98,98,48,93,93,143,198,198,269,269,331,350,54,91,109,109,140,140,166,11,44,44,44,78,78,78],"floor_reached":51,"playtime":2047,"items_purged":["Strike_R"],"score":1458,"play_id":"1812fa6a-affd-4fa3-b192-bc641d5af655","local_time":"20221229182606","is_ascension_mode":true,"campfire_choices":[{"data":"Bash","floor":6.0,"key":"SMITH"},{"data":"HandOfGreed","floor":8.0,"key":"SMITH"},{"data":"Disarm","floor":15.0,"key":"SMITH"},{"data":"Juggernaut","floor":29.0,"key":"SMITH"},{"floor":32,"key":"REST"},{"data":"Dark Embrace","floor":40,"key":"SMITH"},{"data":"Feel No Pain","floor":49,"key":"SMITH"}],"neow_cost":"TEN_PERCENT_HP_LOSS","seed_source_timestamp":33712854991800,"circlet_count":0,"master_deck":["AscendersBane","Strike_R+1","Strike_R+1","Strike_R+1","Strike_R+1","Defend_R+1","Defend_R+1","Defend_R+1","Defend_R+1","Bash+1","Pommel Strike","HandOfGreed+1","Feel No Pain+1","Rage+1","Iron Wave","Fiend Fire","Spot Weakness","Armaments","Cleave","Disarm+1","Reaper","Whirlwind","Metallicize+1","Juggernaut+1","True Grit+1","Battle Trance","Exhume","Intimidate+1","Dark Embrace+1","Ghostly Armor+1","Impervious","Body Slam+1"],"special_seed":0,"relics":["Burning Blood","Potion Belt","War Paint","Vajra","Velvet Choker","Lantern","Bottled Tornado","Mummified Hand","Bag of Marbles","Black Star","Thread and Needle","Juzu Bracelet","Gremlin Horn","Red Skull","PreservedInsect","Smiling Mask","Akabeko","Magic Flower","Ginger"],"potions_floor_usage":[31,33,41,50,50,50,50],"damage_taken":[{"damage":6.0,"enemies":"Cultist","floor":1.0,"turns":4.0},{"damage":7.0,"enemies":"Jaw Worm","floor":3.0,"turns":4.0},{"damage":0.0,"enemies":"Small Slimes","floor":5.0,"turns":4.0},{"damage":26.0,"enemies":"Lagavulin","floor":7.0,"turns":7.0},{"damage":13.0,"enemies":"Exordium Thugs","floor":10.0,"turns":6.0},{"damage":18.0,"enemies":"Large Slime","floor":11.0,"turns":2.0},{"damage":17.0,"enemies":"Lots of Slimes","floor":12.0,"turns":6.0},{"damage":2.0,"enemies":"3 Sentries","floor":14.0,"turns":7.0},{"damage":20.0,"enemies":"Hexaghost","floor":16.0,"turns":9.0},{"damage":12.0,"enemies":"2 Thieves","floor":18.0,"turns":5.0},{"damage":16.0,"enemies":"Chosen","floor":20.0,"turns":7.0},{"damage":15.0,"enemies":"Book of Stabbing","floor":23.0,"turns":6.0},{"damage":11.0,"enemies":"Centurion and Healer","floor":25.0,"turns":5.0},{"damage":23.0,"enemies":"Snecko","floor":28.0,"turns":5.0},{"damage":20,"enemies":"Slavers","floor":31,"turns":5},{"damage":68,"enemies":"Champ","floor":33,"turns":11},{"damage":14,"enemies":"3 Shapes","floor":35,"turns":7},{"damage":11,"enemies":"3 Darklings","floor":36,"turns":5},{"damage":3,"enemies":"Sphere and 2 Shapes","floor":38,"turns":4},{"damage":0,"enemies":"Transient","floor":39,"turns":5},{"damage":17,"enemies":"Giant Head","floor":41,"turns":8},{"damage":4,"enemies":"Nemesis","floor":45,"turns":5},{"damage":14,"enemies":"Reptomancer","floor":48,"turns":5},{"damage":42,"enemies":"Awakened One","floor":50,"turns":14}],"seed_played":"2960403521040274069","potions_obtained":[{"floor":3.0,"key":"Energy Potion"},{"floor":10.0,"key":"EntropicBrew"},{"floor":12.0,"key":"DistilledChaos"},{"floor":14.0,"key":"Regen Potion"},{"floor":38,"key":"Swift Potion"},{"floor":39,"key":"Regen Potion"},{"floor":45,"key":"LiquidBronze"},{"floor":48,"key":"Dexterity Potion"}],"is_trial":false,"path_per_floor":["M","$","M","?","M","R","E","R","T","M","M","M","?","E","R","B",null,"M","$","M","?","$","E","$","M","T","$","M","R","?","E","R","B",null,"M","M","$","M","M","R","E","?","T","$","E","$","?","E","R","B",null],"character_chosen":"IRONCLAD","items_purchased":["HandOfGreed","Feel No Pain","SteroidPotion","Lantern","Swift Potion","FearPotion","Juggernaut","BloodPotion","SpeedPotion","FearPotion","Thread and Needle","PreservedInsect"],"campfire_rested":1,"item_purchase_floors":[2,2,2,19,19,19,22,22,24,27,37,44],"current_hp_per_floor":[68,68,67,72,73,73,53,53,53,46,34,37,55,59,59,45,66,60,60,70,70,70,70,70,73,73,73,56,56,49,47,68,20,60,62,68,68,71,73,73,62,62,62,62,64,64,64,65,65,73],"gold":78,"neow_bonus":"TWO_FIFTY_GOLD","is_prod":false,"is_daily":false,"chose_seed":false,"campfire_upgraded":6,"win_rate":0,"timestamp":1672367166,"path_taken":["M","$","M","?","M","R","E","R","T","M","M","M","?","E","R","BOSS","M","$","M","?","$","E","?","M","T","$","M","R","?","E","R","BOSS","M","M","$","M","M","R","E","?","T","?","E","$","?","E","R","BOSS"],"build_version":"2022-12-18","purchased_purges":1,"victory":true,"max_hp_per_floor":[68,68,68,73,73,73,73,73,73,73,73,73,73,73,73,73,73,73,73,73,73,73,73,73,73,73,73,73,73,73,73,73,73,73,73,73,73,73,73,73,73,73,73,73,73,73,73,73,73,73],"relic_stats":{"Gremlin Horn":[7,7],"counters":[24,146],"Magic Flower":[11],"PreservedInsect":112,"Juzu Bracelet":1,"Ginger":[0],"War Paint":["Defend_R","Rage"],"Bottled Tornado":"Juggernaut","Smiling Mask":0,"Burning Blood":127,"Mummified Hand":[43],"Black Star":3,"obtain_stats":[{"Potion Belt":7,"Lantern":19,"Gremlin Horn":41,"Vajra":14,"Velvet Choker":17,"Magic Flower":48,"Thread and Needle":37,"PreservedInsect":44,"Juzu Bracelet":41,"Ginger":48,"War Paint":9,"Bottled Tornado":23,"Smiling Mask":45,"Burning Blood":0,"Akabeko":45,"Mummified Hand":26,"Bag of Marbles":31,"Black Star":34,"Red Skull":43},{"Potion Belt":4,"Lantern":10,"Gremlin Horn":21,"Vajra":8,"Velvet Choker":9,"Magic Flower":23,"Thread and Needle":18,"PreservedInsect":21,"Juzu Bracelet":21,"Ginger":23,"War Paint":4,"Bottled Tornado":12,"Smiling Mask":22,"Burning Blood":0,"Akabeko":22,"Mummified Hand":13,"Bag of Marbles":15,"Black Star":16,"Red Skull":21},{"Potion Belt":19,"Lantern":54,"Gremlin Horn":122,"Vajra":40,"Velvet Choker":49,"Magic Flower":132,"Thread and Needle":105,"PreservedInsect":122,"Juzu Bracelet":122,"Ginger":132,"War Paint":19,"Bottled Tornado":67,"Smiling Mask":127,"Burning Blood":0,"Akabeko":127,"Mummified Hand":72,"Bag of Marbles":82,"Black Star":93,"Red Skull":122}]},"card_choices":[{"not_picked":["Pummel","Evolve"],"picked":"Pommel Strike","floor":1.0},{"not_picked":["Power Through","Perfected Strike"],"picked":"Rage","floor":3.0},{"not_picked":["Bloodletting","Twin Strike"],"picked":"Iron Wave","floor":5.0},{"not_picked":["Rampage","Bloodletting"],"picked":"Fiend Fire","floor":7.0},{"not_picked":["Body Slam","Hemokinesis"],"picked":"Spot Weakness","floor":10.0},{"not_picked":["Havoc","Blood for Blood"],"picked":"Armaments","floor":11.0},{"not_picked":["True Grit","Spot Weakness"],"picked":"Cleave","floor":12.0},{"not_picked":["Rampage","Searing Blow"],"picked":"Disarm","floor":14.0},{"not_picked":["Feed","Fiend Fire"],"picked":"Reaper","floor":16.0},{"not_picked":["Headbutt","Body Slam"],"picked":"Whirlwind","floor":18.0},{"not_picked":["Heavy Blade","Perfected Strike"],"picked":"Metallicize+1","floor":20.0},{"not_picked":["Cleave","Infernal Blade","Heavy Blade"],"picked":"SKIP","floor":23.0},{"not_picked":["Havoc","Second Wind"],"picked":"True Grit+1","floor":25.0},{"not_picked":["Heavy Blade","Evolve","Flex"],"picked":"SKIP","floor":28.0},{"not_picked":["Carnage","Juggernaut"],"picked":"Battle Trance","floor":31},{"not_picked":["Berserk","Bludgeon"],"picked":"Exhume","floor":33},{"not_picked":["Headbutt","Anger","Sword Boomerang"],"picked":"SKIP","floor":35},{"not_picked":["Sword Boomerang","True Grit+1"],"picked":"Intimidate+1","floor":36},{"not_picked":["Wild Strike","Blood for Blood","Metallicize"],"picked":"SKIP","floor":38},{"not_picked":["Flex","Clash"],"picked":"Dark Embrace","floor":39},{"not_picked":["Iron Wave","Combust"],"picked":"Ghostly Armor+1","floor":41},{"not_picked":["Dual Wield","Infernal Blade+1"],"picked":"Impervious","floor":45},{"not_picked":["Iron Wave","Havoc"],"picked":"Body Slam+1","floor":48}],"player_experience":5399488,"relics_obtained":[{"floor":7.0,"key":"Potion Belt"},{"floor":9.0,"key":"War Paint"},{"floor":14.0,"key":"Vajra"},{"floor":23.0,"key":"Bottled Tornado"},{"floor":26.0,"key":"Mummified Hand"},{"floor":31,"key":"Bag of Marbles"},{"floor":41,"key":"Juzu Bracelet"},{"floor":41,"key":"Gremlin Horn"},{"floor":43,"key":"Red Skull"},{"floor":45,"key":"Smiling Mask"},{"floor":45,"key":"Akabeko"},{"floor":48,"key":"Magic Flower"},{"floor":48,"key":"Ginger"}],"event_choices":[{"damage_healed":0.0,"max_hp_gain":5.0,"max_hp_loss":0.0,"gold_gain":0.0,"event_name":"Big Fish","player_choice":"Donut","floor":4.0,"gold_loss":0.0,"damage_taken":0.0},{"damage_healed":18.0,"max_hp_gain":0.0,"max_hp_loss":0.0,"gold_gain":0.0,"event_name":"The Cleric","player_choice":"Healed","floor":13.0,"gold_loss":35.0,"damage_taken":0.0},{"damage_healed":0.0,"max_hp_gain":0.0,"max_hp_loss":0.0,"gold_gain":0.0,"event_name":"Back to Basics","player_choice":"Simplicity","floor":21.0,"gold_loss":0.0,"damage_taken":0.0,"cards_upgraded":["Strike_R","Strike_R","Strike_R","Strike_R","Defend_R","Defend_R","Defend_R"]},{"damage_healed":0,"gold_gain":50,"player_choice":"Touch","damage_taken":7,"max_hp_gain":0,"max_hp_loss":0,"event_name":"FaceTrader","floor":30,"gold_loss":0},{"damage_healed":0,"gold_gain":0,"player_choice":"Ignored","damage_taken":0,"max_hp_gain":0,"max_hp_loss":0,"event_name":"SecretPortal","floor":42,"gold_loss":0},{"damage_healed":0,"gold_gain":0,"player_choice":"Memory 1","damage_taken":0,"max_hp_gain":0,"max_hp_loss":0,"event_name":"SensoryStone","floor":47,"gold_loss":0}],"is_beta":false,"boss_relics":[{"not_picked":["Astrolabe","Black Blood"],"picked":"Velvet Choker"},{"not_picked":["SacredBark","Cursed Key"],"picked":"Black Star"}],"items_purged_floors":[19],"is_endless":false,"potions_floor_spawned":[3,5,10,12,14,28,38,39,45,48],"ascension_level":15}