{"gold_per_floor":[116,129,129,10,29,60,60,92,92,92,92,92,126,181,181,256,256,267,286,13,31,31,31,57,57,80,90,90,105,139,139,139,212,212,225,225,225,30,50,81,81,106,106,116,134,154,154,181,181,181],"floor_reached":51,"playtime":2019,"items_purged":["Strike_R","Strike_R"],"score":1522,"play_id":"56bc6193-fbf0-4ce6-8787-8bfbeacfba1d","local_time":"20221228214110","is_ascension_mode":true,"campfire_choices":[{"data":"Bash","floor":7.0,"key":"SMITH"},{"floor":10.0,"key":"REST"},{"floor":12.0,"key":"REST"},{"floor":15.0,"key":"REST"},{"floor":23.0,"key":"REST"},{"data":"Spot Weakness","floor":25.0,"key":"SMITH"},{"data":"Whirlwind","floor":28,"key":"SMITH"},{"floor":32,"key":"REST"},{"data":"Heavy Blade","floor":41,"key":"SMITH"},{"floor":49,"key":"REST"}],"neow_cost":"NONE","seed_source_timestamp":129753018657600,"circlet_count":0,"master_deck":["AscendersBane","Strike_R+1","Strike_R+1","Defend_R+1","Defend_R+1","Defend_R+1","Defend_R+1","Bash+1","Sword Boomerang+1","Whirlwind+1","Clothesline+1","Anger+1","Pummel+1","Cleave+1","Immolate+1","CurseOfTheBell","Shrug It Off+1","Battle Trance+1","Spot Weakness+1","Reaper+1","Heavy Blade+1","Shockwave+1","Offering+1","Shockwave+1","Metallicize+1","Power Through+1","Headbutt+1","Iron Wave+1"],"special_seed":0,"relics":["Burning Blood","NeowsBlessing","Kunai","Bronze Scales","Gremlin Horn","Happy Flower","Incense Burner","Calling Bell","PreservedInsect","Self Forming Clay","FossilizedHelix","Oddly Smooth Stone","Nilry\u0027s Codex","Art of War","Orichalcum","Mummified Hand","Snecko Eye","Pear","Dream Catcher","Bottled Tornado","Mark of the Bloom","War Paint"],"potions_floor_usage":[50,50],"damage_taken":[{"damage":0.0,"enemies":"Jaw Worm","floor":1.0,"turns":1.0},{"damage":0.0,"enemies":"2 Louse","floor":2.0,"turns":1.0},{"damage":0.0,"enemies":"Small Slimes","floor":5.0,"turns":1.0},{"damage":15.0,"enemies":"3 Sentries","floor":6.0,"turns":4.0},{"damage":60.0,"enemies":"Lagavulin","floor":8.0,"turns":9.0},{"damage":33.0,"enemies":"3 Sentries","floor":13.0,"turns":6.0},{"damage":21.0,"enemies":"Gremlin Nob","floor":14.0,"turns":4.0},{"damage":26.0,"enemies":"Slime Boss","floor":16.0,"turns":9.0},{"damage":13.0,"enemies":"2 Thieves","floor":18.0,"turns":3.0},{"damage":9.0,"enemies":"Chosen","floor":19.0,"turns":5.0},{"damage":0.0,"enemies":"Centurion and Healer","floor":21.0,"turns":9.0},{"damage":7.0,"enemies":"Slavers","floor":24.0,"turns":3.0},{"damage":0,"enemies":"Cultist and Chosen","floor":27,"turns":3},{"damage":15,"enemies":"Shelled Parasite and Fungi","floor":29,"turns":6},{"damage":6,"enemies":"Gremlin Leader","floor":30,"turns":4},{"damage":21,"enemies":"Automaton","floor":33,"turns":10},{"damage":0,"enemies":"3 Shapes","floor":35,"turns":2},{"damage":32,"enemies":"3 Darklings","floor":39,"turns":4},{"damage":0,"enemies":"Reptomancer","floor":40,"turns":2},{"damage":6,"enemies":"Nemesis","floor":42,"turns":5},{"damage":6,"enemies":"Transient","floor":44,"turns":5},{"damage":15,"enemies":"Jaw Worm Horde","floor":45,"turns":3},{"damage":24,"enemies":"Sphere and 2 Shapes","floor":46,"turns":7},{"damage":0,"enemies":"Reptomancer","floor":48,"turns":3},{"damage":0,"enemies":"Awakened One","floor":50,"turns":10}],"seed_played":"8556571580716104567","potions_obtained":[{"floor":5.0,"key":"FairyPotion"},{"floor":13.0,"key":"SpeedPotion"},{"floor":24.0,"key":"AttackPotion"},{"floor":30,"key":"BlessingOfTheForge"},{"floor":48,"key":"DistilledChaos"}],"is_trial":false,"path_per_floor":["M","M","?","$","M","E","R","E","T","R","?","R","E","?","R","B",null,"M","M","$","M","?","R","E","R","T","M","R","M","E","?","R","B",null,"M","?","?","$","M","E","R","E","T","M","M","M","?","E","R","B",null],"character_chosen":"IRONCLAD","items_purchased":["Whirlwind","SteroidPotion","Oddly Smooth Stone","Fire Potion","HeartOfIron"],"campfire_rested":6,"item_purchase_floors":[4,4,20,20,38],"current_hp_per_floor":[74,75,68,68,74,65,65,11,11,33,10,32,27,12,34,14,60,53,50,50,56,35,57,56,56,56,62,62,63,67,46,70,63,76,80,80,80,80,78,90,90,90,90,90,81,81,81,81,81,81],"gold":181,"neow_bonus":"THREE_ENEMY_KILL","is_prod":false,"is_daily":false,"chose_seed":false,"campfire_upgraded":4,"win_rate":0,"timestamp":1672292470,"path_taken":["M","M","?","$","M","E","R","E","T","R","?","R","E","?","R","BOSS","M","M","$","M","?","R","E","R","T","M","R","M","E","?","R","BOSS","M","?","?","$","M","E","R","E","T","M","M","M","?","E","R","BOSS"],"build_version":"2022-12-18","purchased_purges":2,"victory":true,"max_hp_per_floor":[75,75,75,75,75,75,75,75,75,75,75,75,75,75,75,75,75,75,75,75,75,75,75,75,75,75,75,75,75,75,80,80,80,80,80,80,80,80,80,90,90,90,90,90,90,90,90,90,90,90],"relic_stats":{"Mark of the Bloom":57,"Gremlin Horn":[31,32],"Happy Flower":[32],"counters":[25,119],"Self Forming Clay":[84],"Nilry\u0027s Codex":[4,17,14,19],"PreservedInsect":265,"Orichalcum":[126],"Bottled Tornado":"Metallicize","War Paint":[],"Burning Blood":121,"Dream Catcher":1,"Mummified Hand":[11],"Bronze Scales":[273],"Snecko Eye":[77,69,71,73,-80],"Art of War":[3],"Kunai":[36],"obtain_stats":[{"Mark of the Bloom":47,"Pear":40,"NeowsBlessing":0,"Gremlin Horn":9,"Happy Flower":13,"Self Forming Clay":17,"Nilry\u0027s Codex":22,"Oddly Smooth Stone":20,"PreservedInsect":17,"Incense Burner":14,"Orichalcum":26,"Bottled Tornado":43,"War Paint":48,"Burning Blood":0,"Calling Bell":17,"Dream Catcher":42,"Mummified Hand":30,"Bronze Scales":8,"Snecko Eye":34,"Art of War":24,"Kunai":6,"FossilizedHelix":17},{"Mark of the Bloom":23,"Pear":19,"NeowsBlessing":0,"Gremlin Horn":5,"Happy Flower":6,"Self Forming Clay":8,"Nilry\u0027s Codex":11,"Oddly Smooth Stone":10,"PreservedInsect":8,"Incense Burner":7,"Orichalcum":12,"Bottled Tornado":20,"War Paint":24,"Burning Blood":0,"Calling Bell":8,"Dream Catcher":20,"Mummified Hand":15,"Bronze Scales":5,"Snecko Eye":16,"Art of War":12,"Kunai":4,"FossilizedHelix":8},{"Mark of the Bloom":106,"Pear":86,"NeowsBlessing":0,"Gremlin Horn":16,"Happy Flower":22,"Self Forming Clay":35,"Nilry\u0027s Codex":52,"Oddly Smooth Stone":43,"PreservedInsect":35,"Incense Burner":26,"Orichalcum":55,"Bottled Tornado":91,"War Paint":109,"Burning Blood":0,"Calling Bell":35,"Dream Catcher":91,"Mummified Hand":68,"Bronze Scales":16,"Snecko Eye":78,"Art of War":55,"Kunai":7,"FossilizedHelix":35}],"FossilizedHelix":[110]},"card_choices":[{"not_picked":["Flex","Warcry"],"picked":"Sword Boomerang","floor":1.0},{"not_picked":["Sentinel","Flex","Intimidate"],"picked":"SKIP","floor":2.0},{"not_picked":["Warcry","Flex"],"picked":"Clothesline","floor":5.0},{"not_picked":["Clash","Sever Soul"],"picked":"Brutality","floor":6.0},{"not_picked":["Cleave","Shockwave"],"picked":"Anger","floor":8.0},{"not_picked":["Burning Pact","Warcry"],"picked":"Pummel","floor":13.0},{"not_picked":["Headbutt","Heavy Blade"],"picked":"Cleave","floor":14.0},{"not_picked":["Berserk","Barricade"],"picked":"Immolate","floor":16.0},{"not_picked":["Thunderclap+1","Fire Breathing"],"picked":"Shrug It Off","floor":18.0},{"not_picked":["Anger","Bloodletting"],"picked":"Battle Trance","floor":19.0},{"not_picked":["Havoc","Shrug It Off"],"picked":"Spot Weakness","floor":21.0},{"not_picked":["Seeing Red","Heavy Blade"],"picked":"Reaper","floor":24.0},{"not_picked":["Dropkick","Hemokinesis+1","Warcry"],"picked":"SKIP","floor":27},{"not_picked":["Infernal Blade","Cleave"],"picked":"Heavy Blade","floor":29},{"not_picked":["Heavy Blade","Juggernaut"],"picked":"Shockwave","floor":30},{"not_picked":["Impervious","Reaper"],"picked":"Offering","floor":33},{"not_picked":["Burning Pact","Shrug It Off","Perfected Strike"],"picked":"SKIP","floor":35},{"not_picked":["Clothesline+1","Clash"],"picked":"Shockwave","floor":39},{"not_picked":["Clash","Flex"],"picked":"Metallicize+1","floor":40},{"not_picked":["Sever Soul","Double Tap"],"picked":"Power Through","floor":42},{"not_picked":["Armaments","Anger","Headbutt"],"picked":"SKIP","floor":44},{"not_picked":["Whirlwind","Headbutt","Pommel Strike"],"picked":"SKIP","floor":45},{"not_picked":["Whirlwind","Pommel Strike"],"picked":"Headbutt","floor":45},{"not_picked":["Anger","Clothesline","Flex"],"picked":"SKIP","floor":46},{"not_picked":["Sword Boomerang","Body Slam+1","Armaments"],"picked":"SKIP","floor":48},{"not_picked":["Sever Soul","Perfected Strike"],"picked":"Iron Wave+1","floor":49}],"player_experience":5388169,"relics_obtained":[{"floor":6.0,"key":"Kunai"},{"floor":8.0,"key":"Bronze Scales"},{"floor":9.0,"key":"Gremlin Horn"},{"floor":13.0,"key":"Happy Flower"},{"floor":14.0,"key":"Incense Burner"},{"floor":17.0,"key":"PreservedInsect"},{"floor":17.0,"key":"Self Forming Clay"},{"floor":17.0,"key":"FossilizedHelix"},{"floor":22.0,"key":"Nilry\u0027s Codex"},{"floor":24.0,"key":"Art of War"},{"floor":26.0,"key":"Orichalcum"},{"floor":30,"key":"Mummified Hand"},{"floor":40,"key":"Pear"},{"floor":42,"key":"Dream Catcher"},{"floor":43,"key":"Bottled Tornado"},{"floor":48,"key":"War Paint"}],"event_choices":[{"cards_removed":["Strike_R"],"damage_healed":0.0,"max_hp_gain":0.0,"max_hp_loss":0.0,"gold_gain":0.0,"event_name":"Golden Wing","player_choice":"Card Removal","floor":3.0,"gold_loss":0.0,"damage_taken":7.0},{"damage_healed":0.0,"max_hp_gain":0.0,"max_hp_loss":0.0,"gold_gain":0.0,"event_name":"Shining Light","player_choice":"Entered Light","floor":11.0,"gold_loss":0.0,"damage_taken":23.0,"cards_upgraded":["Anger","Strike_R"]},{"damage_healed":0.0,"max_hp_gain":0.0,"max_hp_loss":0.0,"gold_gain":30.0,"event_name":"Dead Adventurer","player_choice":"Searched \u00272\u0027 times","floor":14.0,"gold_loss":0.0,"damage_taken":0.0},{"damage_healed":0.0,"max_hp_gain":0.0,"max_hp_loss":0.0,"gold_gain":0.0,"event_name":"Cursed Tome","player_choice":"Obtained Book","floor":22.0,"gold_loss":0.0,"damage_taken":21.0},{"damage_healed":0,"gold_gain":0,"player_choice":"Shed Blood","damage_taken":26,"max_hp_gain":5,"max_hp_loss":0,"event_name":"Forgotten Altar","floor":31,"gold_loss":0},{"cards_removed":["Brutality"],"damage_healed":0,"gold_gain":0,"player_choice":"Removed Power","damage_taken":0,"max_hp_gain":0,"max_hp_loss":0,"event_name":"Falling","floor":36,"gold_loss":0},{"damage_healed":0,"gold_gain":0,"player_choice":"Memory 1","damage_taken":0,"max_hp_gain":0,"max_hp_loss":0,"event_name":"SensoryStone","floor":37,"gold_loss":0},{"damage_healed":0,"gold_gain":0,"player_choice":"Upgrade","damage_taken":0,"relics_obtained":["Mark of the Bloom"],"max_hp_gain":0,"max_hp_loss":0,"event_name":"MindBloom","floor":47,"gold_loss":0,"cards_upgraded":["Strike_R","Defend_R","Defend_R","Defend_R","Defend_R","Sword Boomerang","Clothesline","Pummel","Cleave","Immolate","Shrug It Off","Battle Trance","Reaper","Shockwave","Offering","Shockwave","Power Through","Headbutt"]}],"is_beta":false,"boss_relics":[{"not_picked":["Tiny House","Black Blood"],"picked":"Calling Bell"},{"not_picked":["SacredBark","Black Star"],"picked":"Snecko Eye"}],"items_purged_floors":[20,38],"is_endless":false,"potions_floor_spawned":[5,13,24,30,33,35,44,46,48],"ascension_level":15}