{"gold_per_floor":[110,0,15,35,54,54,87,87,110,110,124,47,65,92,92,170,170,181,181,181,49,49,49,84,84,109,141,160,186,197,210,210,210],"floor_reached":33,"playtime":1345,"items_purged":["Strike_R"],"score":630,"play_id":"1681cc64-517e-4d16-b834-a48b84dda53a","local_time":"20230116223005","is_ascension_mode":true,"campfire_choices":[{"data":"Rage","floor":6.0,"key":"SMITH"},{"data":"Armaments","floor":8.0,"key":"SMITH"},{"data":"Inflame","floor":15.0,"key":"SMITH"},{"data":"Whirlwind","floor":23.0,"key":"SMITH"},{"floor":25.0,"key":"REST"},{"floor":32.0,"key":"REST"}],"neow_cost":"NONE","seed_source_timestamp":47091945256000,"circlet_count":0,"master_deck":["AscendersBane","Strike_R","Strike_R","Strike_R","Defend_R","Defend_R","Defend_R","Defend_R","Bash+1","Rage+1","Pommel Strike","Iron Wave","Armaments+1","Feel No Pain","Battle Trance","Flame Barrier","Reaper","Inflame+1","Whirlwind+1","Shrug It Off","Exhume","Warcry+1","Uppercut","Anger","Demon Form","True Grit","Sword Boomerang","Power Through","Spot Weakness"],"special_seed":0,"relics":["Burning Blood","Dream Catcher","Anchor","Potion Belt","Velvet Choker","StrikeDummy","Blood Vial","Red Skull","Question Card"],"potions_floor_usage":[33,33,33],"damage_taken":[{"damage":15.0,"enemies":"2 Louse","floor":1.0,"turns":3.0},{"damage":0.0,"enemies":"Cultist","floor":3.0,"turns":3.0},{"damage":1.0,"enemies":"Jaw Worm","floor":4.0,"turns":5.0},{"damage":6.0,"enemies":"Blue Slaver","floor":5.0,"turns":4.0},{"damage":12.0,"enemies":"Gremlin Nob","floor":7.0,"turns":4.0},{"damage":1.0,"enemies":"3 Louse","floor":11.0,"turns":5.0},{"damage":0.0,"enemies":"Red Slaver","floor":13.0,"turns":4.0},{"damage":12.0,"enemies":"3 Sentries","floor":14.0,"turns":12.0},{"damage":60.0,"enemies":"Slime Boss","floor":16.0,"turns":13.0},{"damage":0.0,"enemies":"3 Byrds","floor":18.0,"turns":4.0},{"damage":50.0,"enemies":"Book of Stabbing","floor":24.0,"turns":6.0},{"damage":7.0,"enemies":"Gremlin Leader","floor":27.0,"turns":7.0},{"damage":7.0,"enemies":"2 Thieves","floor":28.0,"turns":4.0},{"damage":82.0,"enemies":"Book of Stabbing","floor":29.0,"turns":6.0},{"damage":26.0,"enemies":"Snake Plant","floor":30.0,"turns":4.0},{"damage":36.0,"enemies":"Cultist and Chosen","floor":31.0,"turns":6.0},{"damage":70,"enemies":"Automaton","floor":33,"turns":10}],"seed_played":"4342163937257386998","potions_obtained":[{"floor":3.0,"key":"Weak Potion"},{"floor":4.0,"key":"EssenceOfSteel"},{"floor":7.0,"key":"Fruit Juice"},{"floor":28.0,"key":"Swift Potion"},{"floor":29.0,"key":"SteroidPotion"},{"floor":30.0,"key":"SpeedPotion"}],"is_trial":false,"path_per_floor":["M","$","M","M","M","R","E","R","T","?","M","$","M","E","R","B",null,"M","?","?","$","?","R","E","R","T","E","M","E","M","M","R","B"],"character_chosen":"IRONCLAD","items_purchased":["Pommel Strike","Block Potion","Inflame","BloodPotion"],"campfire_rested":2,"item_purchase_floors":[2,2,12,21],"current_hp_per_floor":[59,59,65,70,70,70,64,64,64,64,69,69,75,75,75,35,65,75,75,75,75,54,54,20,44,44,80,79,37,32,19,44,0],"gold":210,"neow_bonus":"UPGRADE_CARD","is_prod":false,"is_daily":false,"chose_seed":false,"campfire_upgraded":4,"win_rate":0,"timestamp":1673937005,"path_taken":["M","$","M","M","M","R","E","R","T","?","M","$","M","E","R","BOSS","M","?","?","$","?","R","E","R","T","E","M","E","M","M","R","BOSS"],"build_version":"2022-12-18","purchased_purges":1,"victory":false,"max_hp_per_floor":[75,75,75,75,75,75,75,75,75,75,75,75,75,75,75,75,75,75,75,75,75,80,80,80,80,80,80,80,80,85,85,85,85],"relic_stats":{"Blood Vial":9,"Dream Catcher":2,"counters":[17,100],"Question Card":3,"obtain_stats":[{"Potion Belt":14,"Blood Vial":26,"Dream Catcher":7,"Anchor":9,"Velvet Choker":17,"StrikeDummy":24,"Question Card":29,"Burning Blood":0,"Red Skull":27},{"Potion Belt":8,"Blood Vial":11,"Dream Catcher":5,"Anchor":5,"Velvet Choker":9,"StrikeDummy":11,"Question Card":14,"Burning Blood":0,"Red Skull":12},{"Potion Belt":40,"Blood Vial":63,"Dream Catcher":19,"Anchor":19,"Velvet Choker":53,"StrikeDummy":63,"Question Card":80,"Burning Blood":0,"Red Skull":70}],"Burning Blood":84},"card_choices":[{"not_picked":["True Grit","Havoc"],"picked":"Rage","floor":1.0},{"not_picked":["Headbutt","Pommel Strike"],"picked":"Iron Wave","floor":3.0},{"not_picked":["Clash","Body Slam"],"picked":"Armaments","floor":4.0},{"not_picked":["Pummel","Sword Boomerang"],"picked":"Feel No Pain","floor":5.0},{"not_picked":["Dual Wield","Perfected Strike"],"picked":"Battle Trance","floor":7.0},{"not_picked":["Pommel Strike","Perfected Strike"],"picked":"Reaper","floor":11.0},{"not_picked":["Body Slam","Second Wind"],"picked":"Whirlwind","floor":13.0},{"not_picked":["Blood for Blood","Wild Strike"],"picked":"Shrug It Off","floor":14.0},{"not_picked":["Double Tap","Bludgeon"],"picked":"Exhume","floor":16.0},{"not_picked":["Sword Boomerang","Sever Soul"],"picked":"Warcry+1","floor":18.0},{"not_picked":["Havoc","Clash"],"picked":"Anger","floor":24.0},{"not_picked":["Sword Boomerang","Intimidate"],"picked":"Demon Form","floor":25.0},{"not_picked":["Twin Strike","Shrug It Off"],"picked":"True Grit","floor":27.0},{"not_picked":["Whirlwind","Pommel Strike"],"picked":"Sword Boomerang","floor":28.0},{"not_picked":["Rupture","Pommel Strike"],"picked":"Power Through","floor":29.0},{"not_picked":["Sever Soul","Warcry","Perfected Strike"],"picked":"Spot Weakness","floor":30.0},{"not_picked":["Feel No Pain","Pommel Strike","Wild Strike","Twin Strike"],"picked":"SKIP","floor":31.0}],"player_experience":5458550,"relics_obtained":[{"floor":7.0,"key":"Dream Catcher"},{"floor":9.0,"key":"Anchor"},{"floor":14.0,"key":"Potion Belt"},{"floor":24.0,"key":"StrikeDummy"},{"floor":26.0,"key":"Blood Vial"},{"floor":27.0,"key":"Red Skull"},{"floor":29.0,"key":"Question Card"}],"event_choices":[{"damage_healed":0.0,"max_hp_gain":0.0,"max_hp_loss":0.0,"gold_gain":0.0,"cards_transformed":["Strike_R"],"event_name":"Transmorgrifier","player_choice":"Transformed","floor":10.0,"gold_loss":0.0,"damage_taken":0.0,"cards_obtained":["Flame Barrier"]},{"damage_healed":0.0,"max_hp_gain":0.0,"max_hp_loss":0.0,"gold_gain":0.0,"event_name":"Ghosts","player_choice":"Ignored","floor":19.0,"gold_loss":0.0,"damage_taken":0.0},{"damage_healed":0.0,"max_hp_gain":0.0,"max_hp_loss":0.0,"gold_gain":0.0,"event_name":"The Library","player_choice":"Read","floor":20.0,"gold_loss":0.0,"damage_taken":0.0,"cards_obtained":["Uppercut"]},{"damage_healed":0.0,"max_hp_gain":5.0,"max_hp_loss":0.0,"gold_gain":0.0,"event_name":"Forgotten Altar","player_choice":"Shed Blood","floor":22.0,"gold_loss":0.0,"damage_taken":26.0}],"is_beta":false,"boss_relics":[{"not_picked":["Busted Crown","Coffee Dripper"],"picked":"Velvet Choker"}],"items_purged_floors":[21],"is_endless":false,"potions_floor_spawned":[3,4,7,28,29,30],"killed_by":"Automaton","ascension_level":20}