{"gold_per_floor":[119,136,152,152,152,180,180,205,228,252,282,282,294,334,334,414,414,440,461,480,298,213,241,241,265,265,309,309,321,44,82,82,165,165,185,75,21,39,58,101,101,130,130,163,182,82,106,131,131,131],"floor_reached":51,"playtime":1617,"items_purged":["Strike_R","Strike_R","Strike_R"],"score":1505,"play_id":"ba323781-75b5-4345-b441-fd79ac908497","local_time":"20230106192021","is_ascension_mode":true,"campfire_choices":[{"data":"Inflame","floor":7,"key":"SMITH"},{"data":"Uppercut","floor":12,"key":"SMITH"},{"data":"Spot Weakness","floor":15,"key":"SMITH"},{"data":"Whirlwind","floor":24,"key":"SMITH"},{"data":"True Grit","floor":32,"key":"SMITH"},{"data":"Heavy Blade","floor":41,"key":"SMITH"},{"data":"Offering","floor":49,"key":"SMITH"}],"neow_cost":"NONE","seed_source_timestamp":728596193609300,"circlet_count":0,"master_deck":["AscendersBane","Strike_R","Defend_R+1","Defend_R","Defend_R","Defend_R","Bash+1","Uppercut+1","Inflame+1","Whirlwind+1","Shrug It Off","Reaper","Spot Weakness+1","Sword Boomerang","Shrug It Off","Offering+1","Heavy Blade+1","Whirlwind+1","True Grit+1","Fiend Fire","Shrug It Off+1","Disarm+1","Shrug It Off+1","Dark Embrace","Fiend Fire","Pommel Strike+1","Second Wind+1","Armaments+1","True Grit+1","Dual Wield+1","Shrug It Off+1","Dual Wield+1"],"relics":["Burning Blood","Akabeko","Lantern","The Courier","CeramicFish","Odd Mushroom","Ornamental Fan","Snecko Eye","PreservedInsect","Pen Nib","Orichalcum","HornCleat","Toxic Egg 2","Medical Kit","Boot","Coffee Dripper","Calipers","StrikeDummy","Thread and Needle","Anchor"],"potions_floor_usage":[2,11,29,47],"damage_taken":[{"damage":1,"enemies":"Small Slimes","floor":1,"turns":4},{"damage":2,"enemies":"Jaw Worm","floor":2,"turns":3},{"damage":0,"enemies":"2 Louse","floor":3,"turns":2},{"damage":0,"enemies":"3 Sentries","floor":6,"turns":2},{"damage":27,"enemies":"Lagavulin","floor":8,"turns":7},{"damage":3,"enemies":"Looter","floor":10,"turns":2},{"damage":0,"enemies":"The Mushroom Lair","floor":11,"turns":2},{"damage":13,"enemies":"Large Slime","floor":13,"turns":4},{"damage":27,"enemies":"3 Sentries","floor":14,"turns":6},{"damage":22,"enemies":"The Guardian","floor":16,"turns":10},{"damage":6,"enemies":"Chosen","floor":18,"turns":1},{"damage":0,"enemies":"2 Thieves","floor":19,"turns":1},{"damage":0,"enemies":"Snecko","floor":20,"turns":2},{"damage":24,"enemies":"Gremlin Leader","floor":23,"turns":3},{"damage":1,"enemies":"Centurion and Healer","floor":25,"turns":3},{"damage":18,"enemies":"Book of Stabbing","floor":27,"turns":2},{"damage":2,"enemies":"Snake Plant","floor":29,"turns":3},{"damage":16,"enemies":"Slavers","floor":31,"turns":2},{"damage":26,"enemies":"Collector","floor":33,"turns":8},{"damage":6,"enemies":"Orb Walker","floor":35,"turns":1},{"damage":0,"enemies":"3 Shapes","floor":38,"turns":1},{"damage":0,"enemies":"Transient","floor":39,"turns":5},{"damage":7,"enemies":"Giant Head","floor":40,"turns":4},{"damage":6,"enemies":"Jaw Worm Horde","floor":42,"turns":1},{"damage":6,"enemies":"Reptomancer","floor":44,"turns":3},{"damage":0,"enemies":"Writhing Mass","floor":45,"turns":5},{"damage":0,"enemies":"Spire Growth","floor":47,"turns":2},{"damage":42,"enemies":"Giant Head","floor":48,"turns":8},{"damage":6,"enemies":"Donu and Deca","floor":50,"turns":6}],"seed_played":"-4194008168604567554","potions_obtained":[{"floor":1,"key":"Explosive Potion"},{"floor":6,"key":"Swift Potion"},{"floor":10,"key":"Fire Potion"},{"floor":16,"key":"Weak Potion"},{"floor":20,"key":"Swift Potion"},{"floor":33,"key":"LiquidBronze"},{"floor":39,"key":"DistilledChaos"},{"floor":45,"key":"AttackPotion"}],"is_trial":false,"path_per_floor":["M","M","M","?","?","E","R","E","T","M","?","R","M","E","R","B",null,"M","M","M","$","?","E","R","M","T","E","?","M","$","E","R","B",null,"M","?","$","M","M","E","R","M","T","E","M","$","M","E","R","B",null],"character_chosen":"IRONCLAD","items_purchased":["PreservedInsect","Disarm+1","Shrug It Off+1","Medical Kit","Second Wind+1"],"campfire_rested":0,"item_purchase_floors":[21,30,30,30,37],"current_hp_per_floor":[73,75,75,75,70,75,75,54,54,57,63,63,56,54,54,54,70,70,75,75,75,75,63,63,68,68,56,56,70,70,65,65,45,68,68,68,68,74,75,74,74,74,74,74,75,75,75,55,55,75],"gold":131,"neow_bonus":"UPGRADE_CARD","is_prod":false,"is_daily":false,"chose_seed":false,"campfire_upgraded":7,"win_rate":0,"timestamp":1673061621,"path_taken":["M","M","M","?","?","E","R","E","T","M","?","R","?","E","R","BOSS","M","M","M","$","?","E","R","M","T","E","?","M","$","E","R","BOSS","M","?","$","M","M","E","R","?","T","E","M","$","M","E","R","BOSS"],"build_version":"2022-12-18","purchased_purges":3,"victory":true,"max_hp_per_floor":[75,75,75,75,75,75,75,75,75,75,75,75,75,75,75,75,75,75,75,75,75,75,75,75,75,75,75,75,75,75,75,75,75,75,75,75,75,75,75,75,75,75,75,75,75,75,75,75,75,75],"relic_stats":{"Calipers":[67],"counters":[29,103],"CeramicFish":180,"The Courier":160,"PreservedInsect":451,"Pen Nib":[9],"Orichalcum":[42],"Medical Kit":[5],"Boot":[5],"Burning Blood":136,"Ornamental Fan":[48],"Snecko Eye":[138,125,108,118,-111],"obtain_stats":[{"Lantern":6,"Calipers":40,"CeramicFish":9,"Thread and Needle":44,"The Courier":8,"PreservedInsect":21,"Pen Nib":22,"Odd Mushroom":11,"Orichalcum":23,"Medical Kit":30,"Boot":31,"Burning Blood":0,"Akabeko":5,"Anchor":48,"HornCleat":26,"Ornamental Fan":14,"Snecko Eye":17,"Coffee Dripper":34,"Toxic Egg 2":27,"StrikeDummy":43},{"Lantern":4,"Calipers":23,"CeramicFish":5,"Thread and Needle":25,"The Courier":5,"PreservedInsect":13,"Pen Nib":13,"Odd Mushroom":7,"Orichalcum":14,"Medical Kit":17,"Boot":18,"Burning Blood":0,"Akabeko":3,"Anchor":28,"HornCleat":15,"Ornamental Fan":9,"Snecko Eye":10,"Coffee Dripper":19,"Toxic Egg 2":16,"StrikeDummy":24},{"Lantern":11,"Calipers":78,"CeramicFish":18,"Thread and Needle":82,"The Courier":18,"PreservedInsect":46,"Pen Nib":46,"Odd Mushroom":22,"Orichalcum":49,"Medical Kit":57,"Boot":59,"Burning Blood":0,"Akabeko":9,"Anchor":97,"HornCleat":52,"Ornamental Fan":32,"Snecko Eye":42,"Coffee Dripper":67,"Toxic Egg 2":54,"StrikeDummy":79}]},"card_choices":[{"not_picked":["Havoc","Thunderclap"],"picked":"Uppercut","floor":1},{"not_picked":["Warcry","Perfected Strike"],"picked":"Inflame","floor":2},{"not_picked":["Clash","Feel No Pain"],"picked":"Whirlwind","floor":3},{"not_picked":["Uppercut","Perfected Strike"],"picked":"Shrug It Off","floor":6},{"not_picked":["Fire Breathing","Searing Blow"],"picked":"Reaper","floor":8},{"not_picked":["Anger","Warcry"],"picked":"Spot Weakness","floor":10},{"not_picked":["Clash","Intimidate"],"picked":"Sword Boomerang","floor":11},{"not_picked":["Bloodletting","Wild Strike","Body Slam"],"picked":"SKIP","floor":13},{"not_picked":["Perfected Strike","Rampage"],"picked":"Shrug It Off","floor":14},{"not_picked":["Immolate","Demon Form"],"picked":"Offering","floor":16},{"not_picked":["Sword Boomerang","Pommel Strike"],"picked":"Heavy Blade","floor":18},{"not_picked":["Body Slam","Iron Wave"],"picked":"Whirlwind","floor":19},{"not_picked":["Headbutt","Flex"],"picked":"True Grit","floor":20},{"not_picked":["Clash","Cleave","Rupture"],"picked":"SKIP","floor":23},{"not_picked":["Havoc+1","Thunderclap"],"picked":"Fiend Fire","floor":25},{"not_picked":["Dropkick","Body Slam"],"picked":"Shrug It Off+1","floor":27},{"not_picked":["Headbutt","Intimidate+1","Wild Strike"],"picked":"SKIP","floor":29},{"not_picked":["Searing Blow","Clash"],"picked":"Dark Embrace","floor":31},{"not_picked":["Juggernaut","Brutality"],"picked":"Fiend Fire","floor":33},{"not_picked":["Anger","Havoc+1"],"picked":"Pommel Strike+1","floor":35},{"not_picked":["Rage+1","Infernal Blade+1","Rupture"],"picked":"SKIP","floor":38},{"not_picked":["Ghostly Armor+1","Fire Breathing"],"picked":"Armaments+1","floor":39},{"not_picked":["Pummel","Sword Boomerang"],"picked":"True Grit+1","floor":40},{"not_picked":["Second Wind+1","Evolve+1"],"picked":"Dual Wield+1","floor":42},{"not_picked":["Twin Strike","Brutality","Havoc+1"],"picked":"SKIP","floor":44},{"not_picked":["Perfected Strike+1","Headbutt"],"picked":"Shrug It Off+1","floor":45},{"not_picked":["Armaments+1","Anger+1"],"picked":"Dual Wield+1","floor":47},{"not_picked":["Armaments+1","Fire Breathing","Disarm+1"],"picked":"SKIP","floor":48}],"player_experience":5445912,"relics_obtained":[{"floor":6,"key":"Lantern"},{"floor":8,"key":"The Courier"},{"floor":9,"key":"CeramicFish"},{"floor":11,"key":"Odd Mushroom"},{"floor":14,"key":"Ornamental Fan"},{"floor":23,"key":"Orichalcum"},{"floor":26,"key":"HornCleat"},{"floor":27,"key":"Toxic Egg 2"},{"floor":31,"key":"Boot"},{"floor":40,"key":"Calipers"},{"floor":43,"key":"StrikeDummy"},{"floor":44,"key":"Thread and Needle"},{"floor":48,"key":"Anchor"}],"event_choices":[{"damage_healed":0,"gold_gain":0,"player_choice":"Grow","damage_taken":0,"max_hp_gain":0,"max_hp_loss":0,"event_name":"Living Wall","floor":4,"gold_loss":0,"cards_upgraded":["Whirlwind"]},{"damage_healed":0,"gold_gain":0,"player_choice":"Success","damage_taken":5,"relics_obtained":["Akabeko"],"max_hp_gain":0,"max_hp_loss":0,"event_name":"Scrap Ooze","floor":5,"gold_loss":0},{"damage_healed":0,"gold_gain":0,"player_choice":"Fought Mushrooms","damage_taken":0,"max_hp_gain":0,"max_hp_loss":0,"event_name":"Mushrooms","floor":11,"gold_loss":0},{"damage_healed":0,"gold_gain":0,"player_choice":"Obtained Relic","damage_taken":0,"relics_obtained":["Pen Nib"],"max_hp_gain":0,"max_hp_loss":0,"event_name":"Addict","floor":22,"gold_loss":85},{"damage_healed":0,"gold_gain":0,"player_choice":"Ignored","damage_taken":0,"max_hp_gain":0,"max_hp_loss":0,"event_name":"Ghosts","floor":28,"gold_loss":0},{"cards_removed":["Strike_R"],"damage_healed":0,"gold_gain":0,"player_choice":"Upgrade and Remove","damage_taken":0,"max_hp_gain":0,"max_hp_loss":0,"event_name":"Designer","floor":36,"gold_loss":110,"cards_upgraded":["Defend_R"]}],"is_beta":false,"boss_relics":[{"not_picked":["Busted Crown","Runic Pyramid"],"picked":"Snecko Eye"},{"not_picked":["Tiny House","Runic Dome"],"picked":"Coffee Dripper"}],"items_purged_floors":[21,30,46],"is_endless":false,"potions_floor_spawned":[1,6,10,16,18,20,27,33,38,39,45],"ascension_level":15}