{"gold_per_floor":[113,131,131,143,28,63,63,97,97,112,151,226,226,73,73,73],"floor_reached":16,"playtime":545,"items_purged":["Strike_R"],"score":207,"play_id":"5e2d61b4-c331-4379-bffe-1ac4c3de3d6d","local_time":"20230108140642","is_ascension_mode":true,"campfire_choices":[{"data":"Combust","floor":7.0,"key":"SMITH"},{"data":"True Grit","floor":15.0,"key":"SMITH"}],"neow_cost":"NONE","seed_source_timestamp":19035969780400,"circlet_count":0,"master_deck":["AscendersBane","Strike_R+1","Strike_R","Strike_R","Defend_R","Defend_R","Defend_R","Defend_R","Bash+1","Combust+1","Battle Trance","Heavy Blade","Demon Form","Iron Wave","Burning Pact","Rage","True Grit+1","Havoc","Spot Weakness"],"special_seed":0,"relics":["Burning Blood","Dead Branch","Mummified Hand","Bottled Tornado","CeramicFish"],"potions_floor_usage":[16,16],"damage_taken":[{"damage":1.0,"enemies":"Cultist","floor":1.0,"turns":3.0},{"damage":2.0,"enemies":"Small Slimes","floor":2.0,"turns":2.0},{"damage":5.0,"enemies":"2 Louse","floor":4.0,"turns":6.0},{"damage":27.0,"enemies":"Gremlin Nob","floor":6.0,"turns":4.0},{"damage":15.0,"enemies":"Lagavulin","floor":8.0,"turns":7.0},{"damage":2.0,"enemies":"2 Fungi Beasts","floor":10.0,"turns":3.0},{"damage":14.0,"enemies":"3 Sentries","floor":11.0,"turns":5.0},{"damage":28,"enemies":"The Guardian","floor":16,"turns":8}],"seed_played":"6257455571960735697","potions_obtained":[{"floor":0.0,"key":"Regen Potion"},{"floor":0.0,"key":"HeartOfIron"},{"floor":4.0,"key":"BlessingOfTheForge"},{"floor":8.0,"key":"Fire Potion"},{"floor":11.0,"key":"Fire Potion"}],"is_trial":false,"path_per_floor":["M","M","?","M","$","E","R","E","T","M","E","?","?","$","R","B"],"character_chosen":"IRONCLAD","items_purchased":["Demon Form","Iron Wave","Spot Weakness","BlessingOfTheForge"],"campfire_rested":0,"item_purchase_floors":[5,5,14,14],"current_hp_per_floor":[73,75,52,68,68,47,47,38,38,42,34,23,23,23,23,0],"gold":73,"neow_bonus":"THREE_SMALL_POTIONS","is_prod":false,"is_daily":false,"chose_seed":false,"campfire_upgraded":2,"win_rate":0,"timestamp":1673215602,"path_taken":["M","M","?","M","$","E","R","E","T","M","E","?","?","$","R","BOSS"],"build_version":"2022-12-18","purchased_purges":1,"victory":false,"max_hp_per_floor":[75,75,75,75,75,75,75,75,75,75,75,75,75,75,75,75],"relic_stats":{"counters":[8,38],"Mummified Hand":[4],"Dead Branch":[14],"CeramicFish":18,"Bottled Tornado":"Combust","obtain_stats":[{"Mummified Hand":8,"Dead Branch":6,"CeramicFish":11,"Bottled Tornado":9,"Burning Blood":0},{"Mummified Hand":5,"Dead Branch":4,"CeramicFish":7,"Bottled Tornado":5,"Burning Blood":0},{"Mummified Hand":22,"Dead Branch":15,"CeramicFish":30,"Bottled Tornado":22,"Burning Blood":0}],"Burning Blood":40},"card_choices":[{"not_picked":["Warcry","Power Through"],"picked":"Combust","floor":1.0},{"not_picked":["Sword Boomerang","Armaments"],"picked":"Battle Trance","floor":2.0},{"not_picked":["Thunderclap","Pummel"],"picked":"Heavy Blade","floor":4.0},{"not_picked":["Body Slam","Evolve"],"picked":"Burning Pact","floor":6.0},{"not_picked":["Pommel Strike","Sword Boomerang"],"picked":"Rage","floor":8.0},{"not_picked":["Warcry","Rupture"],"picked":"True Grit","floor":10.0},{"not_picked":["Twin Strike","Thunderclap"],"picked":"Havoc","floor":11.0}],"player_experience":5448380,"relics_obtained":[{"floor":6.0,"key":"Dead Branch"},{"floor":8.0,"key":"Mummified Hand"},{"floor":9.0,"key":"Bottled Tornado"},{"floor":11.0,"key":"CeramicFish"}],"event_choices":[{"damage_healed":0.0,"max_hp_gain":0.0,"max_hp_loss":0.0,"gold_gain":0.0,"event_name":"Shining Light","player_choice":"Entered Light","floor":3.0,"gold_loss":0.0,"damage_taken":23.0,"cards_upgraded":["Bash","Strike_R"]},{"damage_healed":0.0,"max_hp_gain":0.0,"max_hp_loss":0.0,"gold_gain":75.0,"event_name":"World of Goop","player_choice":"Gather Gold","floor":12.0,"gold_loss":0.0,"damage_taken":11.0},{"cards_removed":["Strike_R"],"damage_healed":0.0,"max_hp_gain":0.0,"max_hp_loss":0.0,"gold_gain":0.0,"event_name":"Purifier","player_choice":"Purged","floor":13.0,"gold_loss":0.0,"damage_taken":0.0}],"is_beta":false,"boss_relics":[],"items_purged_floors":[14],"is_endless":false,"potions_floor_spawned":[1,4,8,11],"killed_by":"The Guardian","ascension_level":15}