{"gold_per_floor":[114,134,114,125,125,125,155,127,127,162,162,180,197,247,247,324,324,295,295,295,305,126,126,161,161,161,194,207,232,232,249,249,328,328,348,348,2,20,31,31,43,43,43,0,0,34,34,59,59,59,59],"floor_reached":52,"playtime":2210,"items_purged":["Strike_R","Strike_R"],"score":2021,"play_id":"9c4da29b-4a4b-4670-9e35-9d4dc265feaa","local_time":"20230114220826","is_ascension_mode":true,"campfire_choices":[{"data":"Bash","floor":6,"key":"SMITH"},{"floor":11,"key":"REST"},{"data":"Armaments","floor":15,"key":"SMITH"},{"data":"Whirlwind","floor":23,"key":"SMITH"},{"floor":25,"key":"REST"},{"floor":30,"key":"REST"},{"floor":32,"key":"REST"},{"floor":40,"key":"REST"},{"data":"Dual Wield","floor":42,"key":"SMITH"},{"data":"Pommel Strike","floor":47,"key":"SMITH"},{"data":"True Grit","floor":49,"key":"SMITH"}],"neow_cost":"PERCENT_DAMAGE","seed_source_timestamp":48192205782300,"circlet_count":0,"master_deck":["AscendersBane","Strike_R","Strike_R","Defend_R","Defend_R","Defend_R","Defend_R","Bash+1","Limit Break","Cleave","Pommel Strike+1","Burning Pact","Shrug It Off","Armaments+1","Rage","Whirlwind+1","Corruption","Power Through","Anger","Fire Breathing","Flex","Battle Trance","Demon Form+1","Ghostly Armor","Dual Wield+1","Feed","Dark Embrace+1","True Grit+1","Bludgeon","Evolve+1","Flame Barrier+1","Dual Wield+1"],"relics":["Burning Blood","Kunai","HornCleat","Bottled Lightning","Philosopher\u0027s Stone","White Beast Statue","Unceasing Top","Frozen Egg 2","Regal Pillow","Potion Belt","Snecko Eye","Ginger","Centennial Puzzle","Pear","Red Mask","Toxic Egg 2","Dead Branch"],"potions_floor_usage":[7,10,13,16,24,27,29,29,35,35,39,41,51],"damage_taken":[{"damage":0,"enemies":"2 Louse","floor":1,"turns":3},{"damage":6,"enemies":"Cultist","floor":2,"turns":3},{"damage":2,"enemies":"Jaw Worm","floor":4,"turns":3},{"damage":45,"enemies":"3 Sentries","floor":7,"turns":8},{"damage":12,"enemies":"Exordium Thugs","floor":8,"turns":4},{"damage":19,"enemies":"Gremlin Nob","floor":10,"turns":4},{"damage":7,"enemies":"Lots of Slimes","floor":12,"turns":2},{"damage":1,"enemies":"Exordium Wildlife","floor":13,"turns":4},{"damage":46,"enemies":"The Guardian","floor":16,"turns":23},{"damage":10,"enemies":"2 Thieves","floor":18,"turns":4},{"damage":17,"enemies":"Shell Parasite","floor":21,"turns":11},{"damage":33,"enemies":"Slavers","floor":24,"turns":5},{"damage":37,"enemies":"Book of Stabbing","floor":27,"turns":6},{"damage":2,"enemies":"Centurion and Healer","floor":28,"turns":5},{"damage":0,"enemies":"Gremlin Leader","floor":29,"turns":5},{"damage":24,"enemies":"Sentry and Sphere","floor":31,"turns":6},{"damage":76,"enemies":"Collector","floor":33,"turns":7},{"damage":0,"enemies":"Orb Walker","floor":35,"turns":2},{"damage":21,"enemies":"3 Darklings","floor":38,"turns":3},{"damage":19,"enemies":"4 Shapes","floor":39,"turns":4},{"damage":12,"enemies":"Writhing Mass","floor":41,"turns":4},{"damage":0,"enemies":"Giant Head","floor":46,"turns":3},{"damage":6,"enemies":"Mind Bloom Boss Battle","floor":48,"turns":6},{"damage":18,"enemies":"Donu and Deca","floor":50,"turns":5},{"damage":43,"enemies":"Time Eater","floor":51,"turns":7}],"seed_played":"6690971681096056318","potions_obtained":[{"floor":2,"key":"DuplicationPotion"},{"floor":3,"key":"EssenceOfSteel"},{"floor":8,"key":"Swift Potion"},{"floor":12,"key":"Regen Potion"},{"floor":18,"key":"Weak Potion"},{"floor":21,"key":"Dexterity Potion"},{"floor":24,"key":"Weak Potion"},{"floor":27,"key":"Explosive Potion"},{"floor":29,"key":"SteroidPotion"},{"floor":31,"key":"AttackPotion"},{"floor":33,"key":"Strength Potion"},{"floor":35,"key":"AttackPotion"},{"floor":38,"key":"Ancient Potion"},{"floor":39,"key":"Ancient Potion"},{"floor":41,"key":"LiquidMemories"},{"floor":46,"key":"FairyPotion"},{"floor":48,"key":"DistilledChaos"}],"is_trial":false,"path_per_floor":["M","M","?","M","?","R","E","M","T","E","R","M","M","?","R","B",null,"M","T","?","M","$","R","E","R","T","E","M","E","R","M","R","B",null,"M","?","$","M","M","R","M","R","T","?","?","E","R","?","R","B","B",null],"character_chosen":"IRONCLAD","items_purchased":["Fire Breathing","Flex","Centennial Puzzle","LiquidMemories"],"campfire_rested":5,"item_purchase_floors":[22,22,37,37],"current_hp_per_floor":[56,56,56,60,65,65,26,20,20,7,31,30,47,47,47,7,62,58,58,58,47,47,47,20,44,44,13,17,23,62,44,80,10,63,72,72,72,57,47,86,83,83,93,93,93,97,97,100,100,92,55],"gold":59,"neow_bonus":"THREE_RARE_CARDS","is_prod":false,"is_daily":false,"chose_seed":false,"campfire_upgraded":6,"win_rate":0,"timestamp":1673762906,"path_taken":["M","M","?","?","?","R","E","M","T","E","R","M","M","?","R","BOSS","M","?","?","M","$","R","E","R","T","E","?","E","R","?","R","BOSS","M","?","$","M","?","R","M","R","T","?","?","E","R","?","R","BOSS","BOSS"],"build_version":"2022-12-18","purchased_purges":2,"victory":true,"max_hp_per_floor":[75,75,75,75,80,80,80,80,80,80,80,80,80,80,80,80,80,80,80,80,80,80,80,80,80,80,80,80,80,80,80,80,80,80,83,83,83,83,86,86,89,89,99,99,94,97,97,100,100,104,104],"relic_stats":{"Regal Pillow":41,"Centennial Puzzle":[18],"counters":[25,137],"Dead Branch":[44],"Snecko Eye":[60,79,66,50,-74],"Kunai":[36],"Bottled Lightning":"Armaments","Ginger":[7],"obtain_stats":[{"Potion Belt":29,"Regal Pillow":27,"Pear":43,"Dead Branch":48,"Ginger":36,"Frozen Egg 2":26,"Burning Blood":0,"White Beast Statue":19,"Centennial Puzzle":37,"HornCleat":9,"Snecko Eye":34,"Philosopher\u0027s Stone":17,"Red Mask":44,"Kunai":7,"Bottled Lightning":10,"Toxic Egg 2":46,"Unceasing Top":24},{"Potion Belt":15,"Regal Pillow":13,"Pear":21,"Dead Branch":23,"Ginger":18,"Frozen Egg 2":12,"Burning Blood":0,"White Beast Statue":10,"Centennial Puzzle":18,"HornCleat":5,"Snecko Eye":17,"Philosopher\u0027s Stone":9,"Red Mask":21,"Kunai":4,"Bottled Lightning":6,"Toxic Egg 2":22,"Unceasing Top":12},{"Potion Belt":90,"Regal Pillow":80,"Pear":116,"Dead Branch":125,"Ginger":105,"Frozen Egg 2":74,"Burning Blood":0,"White Beast Statue":58,"Centennial Puzzle":105,"HornCleat":21,"Snecko Eye":103,"Philosopher\u0027s Stone":54,"Red Mask":116,"Kunai":17,"Bottled Lightning":25,"Toxic Egg 2":119,"Unceasing Top":74}],"Burning Blood":145,"White Beast Statue":[0.002640000000000001,0.0,0.11179200000000004,0.0,0.45788800000000024,0.0,0.3700800000000002,0.0,0.05688000000000003,0.0,7.200000000000003E-4,5.3407872],"Unceasing Top":[8]},"card_choices":[{"not_picked":["Berserk","Demon Form"],"picked":"Limit Break","floor":0},{"not_picked":["Iron Wave","Entrench"],"picked":"Cleave","floor":1},{"not_picked":["Burning Pact","Bloodletting"],"picked":"Pommel Strike","floor":2},{"not_picked":["Warcry","Intimidate","Wild Strike"],"picked":"SKIP","floor":4},{"not_picked":["Perfected Strike","Heavy Blade"],"picked":"Burning Pact","floor":7},{"not_picked":["Dark Embrace","Combust"],"picked":"Shrug It Off","floor":8},{"not_picked":["Cleave","Clothesline"],"picked":"Armaments","floor":10},{"not_picked":["Clash","Bludgeon"],"picked":"Rage","floor":12},{"not_picked":["Iron Wave","Wild Strike"],"picked":"Whirlwind","floor":13},{"not_picked":["Limit Break","Barricade"],"picked":"Corruption","floor":16},{"not_picked":["Dropkick","True Grit"],"picked":"Power Through","floor":18},{"not_picked":["Flame Barrier","Iron Wave"],"picked":"Anger","floor":21},{"not_picked":["Iron Wave","Sever Soul"],"picked":"Battle Trance","floor":24},{"not_picked":["Wild Strike","Armaments"],"picked":"Demon Form+1","floor":27},{"not_picked":["Wild Strike","Headbutt"],"picked":"Ghostly Armor","floor":28},{"not_picked":["Burning Pact","Inflame+1"],"picked":"Dual Wield","floor":29},{"not_picked":["Anger","Wild Strike"],"picked":"Thunderclap+1","floor":31},{"not_picked":["Double Tap","Bludgeon"],"picked":"Feed","floor":33},{"not_picked":["Hemokinesis+1","Combust+1"],"picked":"Dark Embrace+1","floor":35},{"not_picked":["Havoc","Clothesline+1"],"picked":"True Grit","floor":38},{"not_picked":["Flex","Pummel"],"picked":"Bludgeon","floor":39},{"not_picked":["Dropkick","Anger"],"picked":"Evolve+1","floor":41},{"not_picked":["Armaments+1","True Grit+1"],"picked":"Flame Barrier+1","floor":46},{"not_picked":["Sword Boomerang","Dropkick"],"picked":"Dual Wield+1","floor":48}],"player_experience":5452740,"relics_obtained":[{"floor":7,"key":"Kunai"},{"floor":9,"key":"HornCleat"},{"floor":10,"key":"Bottled Lightning"},{"floor":19,"key":"White Beast Statue"},{"floor":24,"key":"Unceasing Top"},{"floor":26,"key":"Frozen Egg 2"},{"floor":27,"key":"Regal Pillow"},{"floor":29,"key":"Potion Belt"},{"floor":43,"key":"Pear"},{"floor":46,"key":"Toxic Egg 2"},{"floor":48,"key":"Dead Branch"}],"event_choices":[{"damage_healed":0,"gold_gain":0,"player_choice":"Bought 1 Potion","damage_taken":0,"max_hp_gain":0,"max_hp_loss":0,"event_name":"The Woman in Blue","floor":3,"gold_loss":0},{"damage_healed":0,"gold_gain":0,"player_choice":"Donut","damage_taken":0,"max_hp_gain":5,"max_hp_loss":0,"event_name":"Big Fish","floor":5,"gold_loss":0},{"damage_healed":0,"gold_gain":50,"player_choice":"Pray","damage_taken":0,"max_hp_gain":0,"max_hp_loss":0,"event_name":"Golden Shrine","floor":14,"gold_loss":0},{"cards_removed":["Strike_R"],"damage_healed":0,"gold_gain":0,"player_choice":"Offered Basic","damage_taken":0,"max_hp_gain":0,"max_hp_loss":0,"event_name":"Bonfire Elementals","floor":20,"gold_loss":0},{"cards_removed":["Thunderclap"],"damage_healed":0,"gold_gain":0,"player_choice":"Gave Card","damage_taken":0,"relics_obtained":["Ginger"],"max_hp_gain":0,"max_hp_loss":0,"event_name":"WeMeetAgain","floor":36,"gold_loss":0},{"damage_healed":0,"gold_gain":0,"player_choice":"Paid","damage_taken":0,"relics_obtained":["Red Mask"],"max_hp_gain":0,"max_hp_loss":0,"event_name":"Tomb of Lord Red Mask","floor":44,"gold_loss":43},{"damage_healed":0,"gold_gain":0,"player_choice":"Max HP","damage_taken":0,"max_hp_gain":0,"max_hp_loss":5,"event_name":"Winding Halls","floor":45,"gold_loss":0},{"damage_healed":0,"gold_gain":0,"player_choice":"Fight","damage_taken":0,"max_hp_gain":0,"max_hp_loss":0,"event_name":"MindBloom","floor":48,"gold_loss":0}],"is_beta":false,"boss_relics":[{"not_picked":["Tiny House","Coffee Dripper"],"picked":"Philosopher\u0027s Stone"},{"not_picked":["SlaversCollar","Busted Crown"],"picked":"Snecko Eye"}],"items_purged_floors":[22,37],"is_endless":false,"potions_floor_spawned":[2,8,12,18,21,24,27,28,29,31,33,35,38,39,41,46,48],"ascension_level":20}