{"gold_per_floor":[363,7,27,27,46,46,78,78,78,78,112,122,397,414,414,485,485,405,405,18,18,18,18,18,18,18,18,18,18,18,18,18,18],"floor_reached":33,"playtime":962,"items_purged":["Strike_R","Regret"],"score":546,"play_id":"329bb599-59ca-4c0d-b5ce-5e1a70d526e7","local_time":"20230118174737","is_ascension_mode":true,"campfire_choices":[{"data":"Bash","floor":6.0,"key":"SMITH"},{"data":"Clothesline","floor":8.0,"key":"SMITH"},{"data":"Whirlwind","floor":15.0,"key":"SMITH"},{"data":"Armaments","floor":23.0,"key":"SMITH"},{"data":"Limit Break","floor":25.0,"key":"SMITH"},{"data":"RitualDagger","floor":28.0,"key":"SMITH"},{"floor":32,"key":"REST"}],"neow_cost":"PERCENT_DAMAGE","seed_source_timestamp":33657925325500,"circlet_count":0,"master_deck":["AscendersBane","Strike_R+1","Strike_R","Strike_R","Strike_R","Defend_R","Defend_R","Defend_R","Defend_R","Bash+1","Rampage+1","Anger","Clothesline+1","Flame Barrier+1","Iron Wave","Twin Strike","Armaments+1","Whirlwind+1","Limit Break+1","Shrug It Off","Shrug It Off","Dark Embrace+1","Pummel+1","RitualDagger+1","Shrug It Off+1"],"special_seed":0,"relics":["Burning Blood","Vajra","Pear","Oddly Smooth Stone","Self Forming Clay","Ectoplasm","Membership Card","Anchor","Ornamental Fan","Whetstone"],"potions_floor_usage":[29,29,29,33,33],"damage_taken":[{"damage":10.0,"enemies":"Small Slimes","floor":1.0,"turns":4.0},{"damage":0.0,"enemies":"Cultist","floor":3.0,"turns":3.0},{"damage":3.0,"enemies":"2 Louse","floor":5.0,"turns":3.0},{"damage":14.0,"enemies":"Gremlin Nob","floor":7.0,"turns":4.0},{"damage":9.0,"enemies":"Lagavulin","floor":11.0,"turns":5.0},{"damage":0.0,"enemies":"Red Slaver","floor":12.0,"turns":4.0},{"damage":7.0,"enemies":"Lots of Slimes","floor":14.0,"turns":5.0},{"damage":36.0,"enemies":"Slime Boss","floor":16.0,"turns":11.0},{"damage":21.0,"enemies":"2 Thieves","floor":18.0,"turns":4.0},{"damage":4.0,"enemies":"3 Byrds","floor":19.0,"turns":3.0},{"damage":30.0,"enemies":"3 Cultists","floor":21.0,"turns":5.0},{"damage":12.0,"enemies":"Snake Plant","floor":24.0,"turns":3.0},{"damage":29,"enemies":"Gremlin Leader","floor":29,"turns":8},{"damage":43,"enemies":"Collector","floor":33,"turns":5}],"seed_played":"5867061682250885227","potions_obtained":[{"floor":1.0,"key":"Ancient Potion"},{"floor":4.0,"key":"EntropicBrew"},{"floor":5.0,"key":"HeartOfIron"},{"floor":11.0,"key":"BloodPotion"},{"floor":16.0,"key":"SneckoOil"},{"floor":19.0,"key":"BloodPotion"},{"floor":24.0,"key":"EssenceOfSteel"},{"floor":29,"key":"AttackPotion"}],"is_trial":false,"path_per_floor":["M","$","M","?","M","R","E","R","T","?","E","M","?","M","R","B",null,"M","M","$","M","?","R","M","R","T","?","R","E","?","?","R","B"],"character_chosen":"IRONCLAD","items_purchased":["Anger","Vajra","SpeedPotion","Membership Card","Anchor","BloodPotion","Shrug It Off","Dark Embrace"],"campfire_rested":1,"item_purchase_floors":[2,2,2,20,20,20,20,20],"current_hp_per_floor":[46,46,52,52,55,55,57,57,57,57,54,60,60,59,59,46,75,60,62,79,55,55,55,66,66,66,60,60,37,12,12,39,0],"gold":18,"neow_bonus":"TWO_FIFTY_GOLD","is_prod":false,"is_daily":false,"chose_seed":false,"campfire_upgraded":6,"win_rate":0,"timestamp":1674092857,"path_taken":["M","$","M","?","M","R","E","R","T","?","E","M","?","?","R","BOSS","M","?","$","M","?","R","M","R","T","?","R","E","?","?","R","BOSS"],"build_version":"2022-12-18","purchased_purges":2,"victory":false,"max_hp_per_floor":[75,75,75,75,75,75,85,85,85,85,85,85,85,85,85,85,85,85,85,85,85,85,85,85,85,85,85,85,85,90,90,90,90],"relic_stats":{"counters":[14,67],"Self Forming Clay":[69],"Ornamental Fan":[24],"Ectoplasm":161,"Membership Card":214,"Whetstone":["Rampage","Strike_R"],"obtain_stats":[{"Anchor":20,"Pear":7,"Self Forming Clay":11,"Ornamental Fan":26,"Vajra":2,"Oddly Smooth Stone":9,"Ectoplasm":17,"Membership Card":20,"Whetstone":29,"Burning Blood":0},{"Anchor":10,"Pear":4,"Self Forming Clay":5,"Ornamental Fan":12,"Vajra":1,"Oddly Smooth Stone":4,"Ectoplasm":8,"Membership Card":10,"Whetstone":13,"Burning Blood":0},{"Anchor":46,"Pear":14,"Self Forming Clay":19,"Ornamental Fan":54,"Vajra":4,"Oddly Smooth Stone":14,"Ectoplasm":39,"Membership Card":46,"Whetstone":62,"Burning Blood":0}],"Burning Blood":78},"card_choices":[{"not_picked":["Heavy Blade","Shrug It Off"],"picked":"Rampage","floor":1.0},{"not_picked":["Rampage","Wild Strike"],"picked":"Clothesline","floor":3.0},{"not_picked":["Havoc","Shockwave"],"picked":"Flame Barrier","floor":5.0},{"not_picked":["Flex","Thunderclap"],"picked":"Iron Wave","floor":7.0},{"not_picked":["Perfected Strike","Body Slam"],"picked":"Twin Strike","floor":11.0},{"not_picked":["Seeing Red","Warcry"],"picked":"Armaments","floor":12.0},{"not_picked":["Headbutt","True Grit"],"picked":"Whirlwind","floor":14.0},{"not_picked":["Bludgeon","Juggernaut"],"picked":"Limit Break","floor":16.0},{"not_picked":["Rupture","Pummel"],"picked":"Shrug It Off","floor":18.0},{"not_picked":["Reckless Charge","Clothesline","Twin Strike"],"picked":"SKIP","floor":19.0},{"not_picked":["Evolve+1","Burning Pact"],"picked":"Pummel+1","floor":21.0},{"not_picked":["Shrug It Off","Hemokinesis","Pommel Strike"],"picked":"SKIP","floor":24.0},{"not_picked":["Armaments","Havoc"],"picked":"Shrug It Off+1","floor":29}],"player_experience":5459895,"relics_obtained":[{"floor":7.0,"key":"Pear"},{"floor":9.0,"key":"Oddly Smooth Stone"},{"floor":11.0,"key":"Self Forming Clay"},{"floor":26.0,"key":"Ornamental Fan"},{"floor":29,"key":"Whetstone"}],"event_choices":[{"damage_healed":0.0,"max_hp_gain":0.0,"max_hp_loss":0.0,"gold_gain":0.0,"event_name":"Lab","player_choice":"Got Potions","floor":4.0,"gold_loss":0.0,"damage_taken":0.0},{"damage_healed":0.0,"max_hp_gain":0.0,"max_hp_loss":0.0,"gold_gain":0.0,"event_name":"Living Wall","player_choice":"Grow","floor":10.0,"gold_loss":0.0,"damage_taken":0.0,"cards_upgraded":["Flame Barrier"]},{"damage_healed":0.0,"max_hp_gain":0.0,"max_hp_loss":0.0,"gold_gain":275.0,"event_name":"Golden Shrine","player_choice":"Desecrate","floor":13.0,"gold_loss":0.0,"damage_taken":0.0,"cards_obtained":["Regret"]},{"damage_healed":0.0,"max_hp_gain":0.0,"max_hp_loss":0.0,"gold_gain":0.0,"event_name":"Nest","player_choice":"Joined the Cult","floor":27.0,"gold_loss":0.0,"damage_taken":6.0,"cards_obtained":["RitualDagger"]},{"damage_healed":0,"gold_gain":0,"player_choice":"Shed Blood","damage_taken":30,"max_hp_gain":5,"max_hp_loss":0,"event_name":"Forgotten Altar","floor":30,"gold_loss":0},{"damage_healed":0,"gold_gain":0,"player_choice":"Forge","damage_taken":0,"max_hp_gain":0,"max_hp_loss":0,"event_name":"Accursed Blacksmith","floor":31,"gold_loss":0,"cards_upgraded":["Dark Embrace"]}],"is_beta":false,"boss_relics":[{"not_picked":["Busted Crown","Cursed Key"],"picked":"Ectoplasm"}],"items_purged_floors":[2,20],"is_endless":false,"potions_floor_spawned":[1,5,11,16,19,24,29],"killed_by":"Collector","ascension_level":20}