{"gold_per_floor":[119,131,142,105,105,105,139,139,139,139,152,152,191,206,206,304,304,320,335,353,353,44,44,84,84,110,110,110,124,138,158,158,251,251,276,276,301,60,141,182,182,200,271,146,146,184,184,78,78,78,78],"floor_reached":52,"playtime":1867,"items_purged":["Strike_R","Strike_R","Strike_R"],"score":2051,"play_id":"d93469e8-7b2d-446a-8471-94064bd44843","local_time":"20230118182121","is_ascension_mode":true,"campfire_choices":[{"data":"Hemokinesis","floor":6.0,"key":"SMITH"},{"data":"Shockwave","floor":8.0,"key":"SMITH"},{"data":"Disarm","floor":10.0,"key":"SMITH"},{"data":"Offering","floor":15.0,"key":"SMITH"},{"floor":23.0,"key":"REST"},{"data":"Armaments","floor":25.0,"key":"SMITH"},{"floor":28.0,"key":"REST"},{"data":"Limit Break","floor":32.0,"key":"SMITH"},{"data":"Feel No Pain","floor":41.0,"key":"SMITH"},{"floor":49,"key":"REST"}],"neow_cost":"NONE","seed_source_timestamp":34848306570499,"circlet_count":0,"master_deck":["AscendersBane","Strike_R","Defend_R","Defend_R","Defend_R","Defend_R","Bash","Disarm+1","Anger","Sword Boomerang","Hemokinesis+1","Shockwave+1","Headbutt","Offering+1","Limit Break+1","Flex+1","Armaments+1","Feel No Pain+1","Impervious","Inflame","Barricade","Rupture+1","Feed","Metallicize","Body Slam+1","Shockwave+1","Dark Embrace"],"special_seed":0,"relics":["Burning Blood","Art of War","Golden Idol","Du-Vu Doll","Charon\u0027s Ashes","Mummified Hand","Singing Bowl","Runic Pyramid","Enchiridion","Red Skull","Orichalcum","Tiny Chest","SlaversCollar","Bottled Flame","White Beast Statue","Meat on the Bone","Bird Faced Urn"],"potions_floor_usage":[46,51,51,51],"damage_taken":[{"damage":1.0,"enemies":"Cultist","floor":1.0,"turns":3.0},{"damage":7.0,"enemies":"Jaw Worm","floor":2.0,"turns":4.0},{"damage":5.0,"enemies":"2 Louse","floor":3.0,"turns":3.0},{"damage":23.0,"enemies":"Lagavulin","floor":7.0,"turns":7.0},{"damage":4.0,"enemies":"Lots of Slimes","floor":11.0,"turns":4.0},{"damage":10.0,"enemies":"Gremlin Nob","floor":13.0,"turns":3.0},{"damage":5.0,"enemies":"Looter","floor":14.0,"turns":2.0},{"damage":27.0,"enemies":"The Guardian","floor":16.0,"turns":16.0},{"damage":9.0,"enemies":"Spheric Guardian","floor":18.0,"turns":3.0},{"damage":14.0,"enemies":"3 Byrds","floor":19.0,"turns":3.0},{"damage":17.0,"enemies":"Cultist and Chosen","floor":20.0,"turns":5.0},{"damage":13.0,"enemies":"Gremlin Leader","floor":24.0,"turns":5.0},{"damage":4.0,"enemies":"Snecko","floor":29.0,"turns":5.0},{"damage":1.0,"enemies":"3 Cultists","floor":30.0,"turns":4.0},{"damage":14.0,"enemies":"Snake Plant","floor":31.0,"turns":3.0},{"damage":12.0,"enemies":"Champ","floor":33.0,"turns":7.0},{"damage":13.0,"enemies":"3 Shapes","floor":35.0,"turns":6.0},{"damage":16.0,"enemies":"3 Darklings","floor":37.0,"turns":3.0},{"damage":14.0,"enemies":"Giant Head","floor":40.0,"turns":7.0},{"damage":23.0,"enemies":"Maw","floor":42.0,"turns":5.0},{"damage":21,"enemies":"Nemesis","floor":46,"turns":5},{"damage":8,"enemies":"Donu and Deca","floor":50,"turns":2},{"damage":53,"enemies":"Time Eater","floor":51,"turns":7}],"seed_played":"4953568523752070008","potions_obtained":[{"floor":1.0,"key":"SteroidPotion"},{"floor":7.0,"key":"HeartOfIron"},{"floor":14.0,"key":"Fire Potion"},{"floor":20.0,"key":"Strength Potion"},{"floor":24.0,"key":"BloodPotion"},{"floor":29.0,"key":"Swift Potion"},{"floor":42.0,"key":"SkillPotion"},{"floor":46,"key":"Weak Potion"}],"is_trial":false,"path_per_floor":["M","M","M","$","?","R","E","R","T","R","M","?","E","M","R","B",null,"M","M","M","?","$","R","E","R","T","?","R","M","M","M","R","B",null,"M","?","M","$","T","E","R","M","T","$","?","E","$","$","R","B","B",null],"character_chosen":"IRONCLAD","items_purchased":["Hemokinesis","Feel No Pain","Red Skull","Metallicize","BloodPotion","EntropicBrew"],"campfire_rested":3,"item_purchase_floors":[4,22,22,38,38,48],"current_hp_per_floor":[73,72,73,73,47,47,30,30,30,30,32,32,28,31,31,10,60,57,49,40,19,19,42,35,35,35,35,58,77,81,75,75,69,80,79,79,71,71,71,67,67,75,75,75,75,64,64,64,95,109,72],"gold":78,"neow_bonus":"RANDOM_COMMON_RELIC","is_prod":false,"is_daily":false,"chose_seed":false,"campfire_upgraded":7,"win_rate":0,"timestamp":1674094881,"path_taken":["M","M","?","$","?","R","E","R","T","R","M","?","E","M","R","BOSS","M","M","M","?","$","R","E","R","T","?","R","M","?","M","R","BOSS","M","?","M","$","?","E","R","?","T","$","?","E","?","$","R","BOSS","BOSS"],"build_version":"2022-12-18","purchased_purges":3,"victory":true,"max_hp_per_floor":[75,75,75,75,75,75,75,75,75,75,75,75,75,77,77,77,77,77,77,79,79,79,79,79,79,79,79,79,81,81,83,83,83,83,89,89,91,91,91,95,95,101,101,101,101,105,105,105,105,109,109],"relic_stats":{"Singing Bowl":14,"counters":[23,112],"Golden Idol":157,"Charon\u0027s Ashes":[337],"Orichalcum":[30],"Burning Blood":135,"White Beast Statue":[0.0,0.0,0.0,0.0,0.0,0.4200000000000001,0.0,0.52,0.0,0.06000000000000001,0.0,1.3600000000000003],"Bottled Flame":"Feed","Mummified Hand":[69],"Bird Faced Urn":[24],"Tiny Chest":1,"Art of War":[20],"obtain_stats":[{"Singing Bowl":13,"Golden Idol":5,"Enchiridion":21,"Charon\u0027s Ashes":9,"Orichalcum":24,"Burning Blood":0,"White Beast Statue":40,"Du-Vu Doll":7,"SlaversCollar":34,"Bottled Flame":39,"Mummified Hand":12,"Bird Faced Urn":46,"Tiny Chest":26,"Art of War":0,"Red Skull":22,"Runic Pyramid":17,"Meat on the Bone":43},{"Singing Bowl":6,"Golden Idol":3,"Enchiridion":11,"Charon\u0027s Ashes":4,"Orichalcum":12,"Burning Blood":0,"White Beast Statue":19,"Du-Vu Doll":4,"SlaversCollar":16,"Bottled Flame":18,"Mummified Hand":5,"Bird Faced Urn":21,"Tiny Chest":12,"Art of War":0,"Red Skull":11,"Runic Pyramid":8,"Meat on the Bone":20},{"Singing Bowl":24,"Golden Idol":10,"Enchiridion":53,"Charon\u0027s Ashes":17,"Orichalcum":58,"Burning Blood":0,"White Beast Statue":93,"Du-Vu Doll":17,"SlaversCollar":77,"Bottled Flame":86,"Mummified Hand":21,"Bird Faced Urn":103,"Tiny Chest":58,"Art of War":0,"Red Skull":53,"Runic Pyramid":42,"Meat on the Bone":98}],"Meat on the Bone":0},"card_choices":[{"not_picked":["Feel No Pain","Headbutt"],"picked":"Disarm","floor":1.0},{"not_picked":["Shrug It Off","Sever Soul"],"picked":"Anger","floor":2.0},{"not_picked":["Wild Strike","Searing Blow"],"picked":"Sword Boomerang","floor":3.0},{"not_picked":["Demon Form","Metallicize"],"picked":"Shockwave","floor":7.0},{"not_picked":["Flex","Sword Boomerang"],"picked":"Headbutt","floor":11.0},{"not_picked":["Fire Breathing","True Grit"],"picked":"Offering","floor":13.0},{"not_picked":["Twin Strike","Clash","Bloodletting"],"picked":"Singing Bowl","floor":14.0},{"not_picked":["Bludgeon","Berserk"],"picked":"Limit Break","floor":16.0},{"not_picked":["Burning Pact+1","Sword Boomerang"],"picked":"Flex+1","floor":18.0},{"not_picked":["Warcry","Wild Strike"],"picked":"Armaments","floor":19.0},{"not_picked":["Pommel Strike","Clash","Warcry"],"picked":"Singing Bowl","floor":20.0},{"not_picked":["Heavy Blade","Clash"],"picked":"Impervious","floor":24.0},{"not_picked":["Body Slam","Rampage","Shrug It Off"],"picked":"Singing Bowl","floor":29.0},{"not_picked":["Cleave","Iron Wave"],"picked":"Rupture+1","floor":30.0},{"not_picked":["Armaments","Sword Boomerang","Shrug It Off"],"picked":"Singing Bowl","floor":31.0},{"not_picked":["Reaper","Impervious"],"picked":"Feed","floor":33.0},{"not_picked":["Clothesline","Thunderclap","Body Slam"],"picked":"Singing Bowl","floor":35.0},{"not_picked":["Flex","Clash","Sentinel"],"picked":"Singing Bowl","floor":37.0},{"not_picked":["Headbutt+1","Dropkick"],"picked":"Body Slam+1","floor":40.0},{"not_picked":["Cleave+1","Anger","Metallicize"],"picked":"Singing Bowl","floor":42.0},{"not_picked":["Double Tap","Perfected Strike+1"],"picked":"Dark Embrace","floor":46}],"player_experience":5460857,"relics_obtained":[{"floor":7.0,"key":"Du-Vu Doll"},{"floor":9.0,"key":"Charon\u0027s Ashes"},{"floor":13.0,"key":"Singing Bowl"},{"floor":21.0,"key":"Enchiridion"},{"floor":24.0,"key":"Orichalcum"},{"floor":26.0,"key":"Tiny Chest"},{"floor":39.0,"key":"Bottled Flame"},{"floor":40.0,"key":"White Beast Statue"},{"floor":43.0,"key":"Meat on the Bone"},{"floor":46,"key":"Bird Faced Urn"}],"event_choices":[{"damage_healed":0.0,"max_hp_gain":0.0,"max_hp_loss":0.0,"gold_gain":0.0,"event_name":"Golden Idol","player_choice":"Take Damage","floor":5.0,"gold_loss":0.0,"damage_taken":26.0,"relics_obtained":["Golden Idol"]},{"damage_healed":0.0,"max_hp_gain":0.0,"max_hp_loss":0.0,"gold_gain":0.0,"event_name":"Dead Adventurer","player_choice":"Searched \u00271\u0027 times","floor":12.0,"gold_loss":0.0,"damage_taken":0.0,"relics_obtained":["Mummified Hand"]},{"damage_healed":0.0,"max_hp_gain":0.0,"max_hp_loss":0.0,"gold_gain":0.0,"event_name":"Cursed Tome","player_choice":"Obtained Book","floor":21.0,"gold_loss":0.0,"damage_taken":21.0},{"damage_healed":0.0,"max_hp_gain":0.0,"max_hp_loss":0.0,"gold_gain":0.0,"event_name":"Match and Keep!","player_choice":"2 cards matched","floor":27.0,"gold_loss":0.0,"damage_taken":0.0,"cards_obtained":["Inflame","Barricade"]},{"cards_removed":["Strike_R"],"damage_healed":0.0,"max_hp_gain":0.0,"max_hp_loss":0.0,"gold_gain":0.0,"event_name":"Falling","player_choice":"Removed Attack","floor":36.0,"gold_loss":0.0,"damage_taken":0.0},{"damage_healed":0.0,"max_hp_gain":0.0,"max_hp_loss":0.0,"gold_gain":0.0,"event_name":"Duplicator","player_choice":"Copied","floor":45.0,"gold_loss":0.0,"damage_taken":0.0,"cards_obtained":["Shockwave"]}],"is_beta":false,"boss_relics":[{"not_picked":["Runic Dome","Busted Crown"],"picked":"Runic Pyramid"},{"not_picked":["Runic Cube","SacredBark"],"picked":"SlaversCollar"}],"items_purged_floors":[22,38,44],"is_endless":false,"potions_floor_spawned":[1,7,14,16,19,20,24,29,42,46],"ascension_level":20}