{"gold_per_floor":[109,122,142,142,152,152,135,167,167,198,217,232,258,258,258,351,351,369,369,50,50,75,110,122,197,209,221,248,310,102,141,141,240,240,288,8,69,69,69,110,153,213,213,244,260,304,304,328,328,328],"floor_reached":51,"playtime":2402,"items_purged":["Strike_R","Strike_R","Strike_R"],"score":1591,"play_id":"81ee1f57-5a7a-4545-b83c-ee4ef01f2c72","local_time":"20230205094611","is_ascension_mode":true,"campfire_choices":[{"data":"Whirlwind","floor":6.0,"key":"SMITH"},{"data":"Rage","floor":15.0,"key":"SMITH"},{"data":"HandOfGreed","floor":24.0,"key":"SMITH"},{"data":"Spot Weakness","floor":27.0,"key":"SMITH"},{"data":"Limit Break","floor":32.0,"key":"SMITH"},{"data":"1","floor":47,"key":"LIFT"},{"data":"2","floor":49,"key":"LIFT"}],"neow_cost":"NONE","seed_source_timestamp":4530366561400,"circlet_count":0,"master_deck":["AscendersBane","Defend_R","Defend_R","Defend_R","Defend_R","Clothesline","Whirlwind+1","Rage+1","Iron Wave","Dark Embrace","Impervious","Shrug It Off","Combust","Blood for Blood","Offering","HandOfGreed+1","Spot Weakness+1","Flame Barrier","Uppercut+1","Limit Break+1","Battle Trance","Power Through","Shockwave+1","Flame Barrier","Reaper","Armaments+1","True Grit+1","Shockwave+1","Barricade"],"special_seed":0,"relics":["Burning Blood","Bottled Lightning","Pear","Pen Nib","Gambling Chip","Golden Idol","Snecko Eye","MawBank","Darkstone Periapt","Strawberry","Coffee Dripper","Happy Flower","StoneCalendar","Toxic Egg 2","Girya","Singing Bowl","Art of War","Red Skull"],"potions_floor_usage":[44,50,50],"damage_taken":[{"damage":1.0,"enemies":"2 Louse","floor":1.0,"turns":2.0},{"damage":4.0,"enemies":"Cultist","floor":2.0,"turns":3.0},{"damage":7.0,"enemies":"Jaw Worm","floor":3.0,"turns":4.0},{"damage":10.0,"enemies":"Large Slime","floor":5.0,"turns":5.0},{"damage":6.0,"enemies":"Exordium Thugs","floor":7.0,"turns":4.0},{"damage":13.0,"enemies":"3 Sentries","floor":8.0,"turns":5.0},{"damage":36.0,"enemies":"Lagavulin","floor":10.0,"turns":8.0},{"damage":9.0,"enemies":"2 Fungi Beasts","floor":11.0,"turns":2.0},{"damage":1.0,"enemies":"Red Slaver","floor":12.0,"turns":3.0},{"damage":10.0,"enemies":"3 Sentries","floor":13.0,"turns":5.0},{"damage":24.0,"enemies":"Hexaghost","floor":16.0,"turns":10.0},{"damage":11.0,"enemies":"2 Thieves","floor":18.0,"turns":3.0},{"damage":5.0,"enemies":"Chosen","floor":22.0,"turns":4.0},{"damage":20.0,"enemies":"Book of Stabbing","floor":23.0,"turns":4.0},{"damage":27.0,"enemies":"Slavers","floor":25.0,"turns":4.0},{"damage":0.0,"enemies":"Centurion and Healer","floor":28.0,"turns":2.0},{"damage":4.0,"enemies":"Cultist and Chosen","floor":29.0,"turns":5.0},{"damage":0.0,"enemies":"Shelled Parasite and Fungi","floor":31.0,"turns":2.0},{"damage":22.0,"enemies":"Champ","floor":33.0,"turns":7.0},{"damage":0.0,"enemies":"3 Shapes","floor":35.0,"turns":2.0},{"damage":12.0,"enemies":"2 Orb Walkers","floor":37.0,"turns":3.0},{"damage":7,"enemies":"Nemesis","floor":40,"turns":5},{"damage":6,"enemies":"3 Darklings","floor":41,"turns":4},{"damage":19,"enemies":"Reptomancer","floor":42,"turns":7},{"damage":3,"enemies":"Nemesis","floor":44,"turns":5},{"damage":5,"enemies":"Maw","floor":45,"turns":6},{"damage":19,"enemies":"Reptomancer","floor":46,"turns":7},{"damage":0,"enemies":"4 Shapes","floor":48,"turns":6},{"damage":68,"enemies":"Awakened One","floor":50,"turns":8}],"seed_played":"-1262695757172569502","potions_obtained":[{"floor":5.0,"key":"BlessingOfTheForge"},{"floor":7.0,"key":"LiquidBronze"},{"floor":8.0,"key":"DuplicationPotion"},{"floor":11.0,"key":"PowerPotion"},{"floor":16.0,"key":"FearPotion"},{"floor":29.0,"key":"Strength Potion"},{"floor":33.0,"key":"Swift Potion"},{"floor":40,"key":"ElixirPotion"},{"floor":42,"key":"Strength Potion"},{"floor":44,"key":"DuplicationPotion"}],"is_trial":false,"path_per_floor":["M","M","M","?","M","R","M","E","T","E","M","M","E","?","R","B",null,"M","?","$","?","M","E","R","E","T","R","M","M","$","M","R","B",null,"M","$","?","?","?","E","M","E","T","E","M","E","R","M","R","B",null],"character_chosen":"IRONCLAD","items_purchased":["HandOfGreed","Spot Weakness","Shockwave","Flame Barrier","Happy Flower"],"campfire_rested":0,"item_purchase_floors":[20,20,30,30,36],"current_hp_per_floor":[80,82,81,81,77,77,77,70,80,50,47,52,48,48,48,30,70,65,65,65,65,66,52,52,31,38,38,44,46,46,52,52,36,77,90,90,84,84,84,83,90,77,77,82,85,72,72,93,93,48],"gold":328,"neow_bonus":"TEN_PERCENT_HP_BONUS","is_prod":false,"is_daily":false,"chose_seed":false,"campfire_upgraded":5,"win_rate":0,"timestamp":1675619171,"path_taken":["M","M","M","?","?","R","M","E","T","E","M","M","E","?","R","BOSS","M","?","?","?","M","E","R","E","T","R","?","?","$","M","R","BOSS","M","$","?","?","?","E","M","E","T","E","M","E","R","M","R","BOSS"],"build_version":"2022-12-18","purchased_purges":3,"victory":true,"max_hp_per_floor":[82,82,82,82,82,82,82,82,92,92,92,92,92,83,83,83,83,83,83,83,83,83,83,83,83,90,90,90,90,90,90,90,90,90,90,90,90,90,90,90,90,90,90,92,94,94,94,96,96,96],"relic_stats":{"Darkstone Periapt":0,"Girya":2,"Happy Flower":[17],"Singing Bowl":6,"counters":[29,135],"Golden Idol":152,"StoneCalendar":[78],"Pen Nib":[15],"MawBank":84,"Burning Blood":167,"Gambling Chip":[76],"Snecko Eye":[186,177,158,179,-95],"Art of War":[5],"Bottled Lightning":"Rage","obtain_stats":[{"Darkstone Periapt":25,"Girya":42,"Pear":9,"Happy Flower":36,"Singing Bowl":43,"Golden Idol":14,"StoneCalendar":37,"Pen Nib":10,"MawBank":23,"Burning Blood":0,"Gambling Chip":13,"Strawberry":26,"Snecko Eye":17,"Coffee Dripper":34,"Art of War":44,"Bottled Lightning":8,"Toxic Egg 2":40,"Red Skull":46},{"Darkstone Periapt":15,"Girya":24,"Pear":6,"Happy Flower":20,"Singing Bowl":24,"Golden Idol":10,"StoneCalendar":21,"Pen Nib":7,"MawBank":14,"Burning Blood":0,"Gambling Chip":10,"Strawberry":15,"Snecko Eye":11,"Coffee Dripper":19,"Art of War":25,"Bottled Lightning":6,"Toxic Egg 2":22,"Red Skull":27},{"Darkstone Periapt":66,"Girya":103,"Pear":23,"Happy Flower":84,"Singing Bowl":103,"Golden Idol":41,"StoneCalendar":87,"Pen Nib":31,"MawBank":62,"Burning Blood":0,"Gambling Chip":41,"Strawberry":66,"Snecko Eye":51,"Coffee Dripper":82,"Art of War":108,"Bottled Lightning":23,"Toxic Egg 2":92,"Red Skull":121}]},"card_choices":[{"not_picked":["Armaments","Flame Barrier"],"picked":"Clothesline","floor":1.0},{"not_picked":["Thunderclap","Perfected Strike","Clash"],"picked":"SKIP","floor":2.0},{"not_picked":["Shrug It Off","Flame Barrier"],"picked":"Whirlwind","floor":3.0},{"not_picked":["Dark Embrace","Rampage"],"picked":"Rage","floor":5.0},{"not_picked":["Dark Embrace","Dropkick"],"picked":"Iron Wave","floor":7.0},{"not_picked":["Cleave","Twin Strike"],"picked":"Dark Embrace","floor":8.0},{"not_picked":["Heavy Blade","Dark Embrace"],"picked":"Impervious","floor":10.0},{"not_picked":["Cleave","Hemokinesis"],"picked":"Shrug It Off","floor":11.0},{"not_picked":["Wild Strike","Clash"],"picked":"Combust","floor":12.0},{"not_picked":["Headbutt","Pummel"],"picked":"Blood for Blood","floor":13.0},{"not_picked":["Feed","Immolate"],"picked":"Offering","floor":16.0},{"not_picked":["Hemokinesis","Headbutt","Dual Wield"],"picked":"SKIP","floor":18.0},{"not_picked":["Clothesline","Dark Embrace"],"picked":"Flame Barrier","floor":22.0},{"not_picked":["Havoc","Clothesline"],"picked":"Uppercut+1","floor":23.0},{"not_picked":["Havoc","Uppercut"],"picked":"Limit Break","floor":25.0},{"not_picked":["Heavy Blade","Clash"],"picked":"Battle Trance","floor":28.0},{"not_picked":["Iron Wave","Searing Blow"],"picked":"Power Through","floor":29.0},{"not_picked":["Iron Wave","Twin Strike+1","Shrug It Off"],"picked":"SKIP","floor":31.0},{"not_picked":["Barricade","Immolate"],"picked":"Reaper","floor":33.0},{"not_picked":["Rupture","Whirlwind","Flex"],"picked":"SKIP","floor":35.0},{"not_picked":["Pommel Strike","Clothesline+1"],"picked":"Armaments+1","floor":37.0},{"not_picked":["Pommel Strike","Fire Breathing"],"picked":"True Grit+1","floor":40},{"not_picked":["Pommel Strike+1","Twin Strike"],"picked":"Shockwave+1","floor":41},{"not_picked":["Rage+1","Wild Strike","Dark Embrace+1"],"picked":"SKIP","floor":42},{"not_picked":["Carnage","Searing Blow","Evolve"],"picked":"Singing Bowl","floor":44},{"not_picked":["Perfected Strike+1","Body Slam","Dark Embrace"],"picked":"Singing Bowl","floor":45},{"not_picked":["Dropkick","Armaments+1"],"picked":"Barricade","floor":46},{"not_picked":["Intimidate+1","Anger","Clothesline"],"picked":"Singing Bowl","floor":48}],"player_experience":5491997,"relics_obtained":[{"floor":8.0,"key":"Bottled Lightning"},{"floor":9.0,"key":"Pear"},{"floor":10.0,"key":"Pen Nib"},{"floor":13.0,"key":"Gambling Chip"},{"floor":23.0,"key":"MawBank"},{"floor":25.0,"key":"Darkstone Periapt"},{"floor":26.0,"key":"Strawberry"},{"floor":37.0,"key":"StoneCalendar"},{"floor":40,"key":"Toxic Egg 2"},{"floor":42,"key":"Girya"},{"floor":43,"key":"Singing Bowl"},{"floor":44,"key":"Art of War"},{"floor":46,"key":"Red Skull"}],"event_choices":[{"cards_removed":["Strike_R"],"damage_healed":0.0,"max_hp_gain":0.0,"max_hp_loss":0.0,"gold_gain":0.0,"event_name":"Bonfire Elementals","player_choice":"Offered Basic","floor":4.0,"gold_loss":0.0,"damage_taken":0.0},{"damage_healed":0.0,"max_hp_gain":0.0,"max_hp_loss":9.0,"gold_gain":0.0,"event_name":"Golden Idol","player_choice":"Lose Max HP","floor":14.0,"gold_loss":0.0,"damage_taken":0.0,"relics_obtained":["Golden Idol"]},{"damage_healed":0.0,"max_hp_gain":0.0,"max_hp_loss":0.0,"gold_gain":0.0,"event_name":"FaceTrader","player_choice":"Leave","floor":19.0,"gold_loss":0.0,"damage_taken":0.0},{"cards_removed":["Strike_R"],"damage_healed":0.0,"max_hp_gain":0.0,"max_hp_loss":0.0,"gold_gain":0.0,"event_name":"Purifier","player_choice":"Purged","floor":21.0,"gold_loss":0.0,"damage_taken":0.0},{"damage_healed":0.0,"max_hp_gain":0.0,"max_hp_loss":0.0,"gold_gain":0.0,"event_name":"Mysterious Sphere","player_choice":"Fight","floor":37.0,"gold_loss":0.0,"damage_taken":0.0},{"cards_removed":["Bash"],"damage_healed":0.0,"max_hp_gain":0.0,"max_hp_loss":0.0,"gold_gain":0.0,"event_name":"Falling","player_choice":"Removed Attack","floor":38.0,"gold_loss":0.0,"damage_taken":0.0},{"damage_healed":0.0,"max_hp_gain":0.0,"max_hp_loss":0.0,"gold_gain":0.0,"event_name":"Accursed Blacksmith","player_choice":"Forge","floor":39.0,"gold_loss":0.0,"damage_taken":0.0,"cards_upgraded":["Shockwave"]}],"is_beta":false,"boss_relics":[{"not_picked":["SacredBark","Pandora\u0027s Box"],"picked":"Snecko Eye"},{"not_picked":["Runic Pyramid","Philosopher\u0027s Stone"],"picked":"Coffee Dripper"}],"items_purged_floors":[20,30,36],"is_endless":false,"potions_floor_spawned":[5,7,8,11,13,16,22,29,31,33,40,42,44,45],"ascension_level":15}