{"gold_per_floor":[118,133,133,59,75,103,120,120,120,132,179,39,70,70,70,147,147,157,57,67,32,62,92,92,124,174,174,202,265,315],"floor_reached":30,"playtime":874,"items_purged":["Strike_R","Berserk"],"score":532,"play_id":"4d153b20-edc3-4510-9ac9-0b9621bf2106","local_time":"20230204222620","is_ascension_mode":true,"campfire_choices":[{"data":"Blood for Blood","floor":8.0,"key":"SMITH"},{"data":"Inflame","floor":10.0,"key":"SMITH"},{"floor":15.0,"key":"REST"},{"data":"Whirlwind","floor":24.0,"key":"SMITH"},{"data":"Feel No Pain","floor":27.0,"key":"SMITH"}],"neow_cost":"NONE","seed_source_timestamp":47206515146300,"circlet_count":0,"master_deck":["AscendersBane","Strike_R","Strike_R","Strike_R","Defend_R","Defend_R","Defend_R","Defend_R","Bash","Feel No Pain+1","Blood for Blood+1","Anger","Clothesline","Inflame+1","True Grit","Fiend Fire","Battle Trance","Whirlwind+1","Offering","Heavy Blade","Corruption","Second Wind+1","Havoc+1"],"special_seed":0,"relics":["Burning Blood","Art of War","Omamori","MawBank","Shuriken","Question Card","SsserpentHead","Velvet Choker","Blue Candle","Tiny Chest","Toxic Egg 2","Bag of Marbles","Oddly Smooth Stone"],"potions_floor_usage":[],"damage_taken":[{"damage":6.0,"enemies":"2 Louse","floor":1.0,"turns":3.0},{"damage":11.0,"enemies":"Cultist","floor":2.0,"turns":4.0},{"damage":11.0,"enemies":"Jaw Worm","floor":5.0,"turns":4.0},{"damage":12.0,"enemies":"Gremlin Nob","floor":6.0,"turns":3.0},{"damage":16.0,"enemies":"Lots of Slimes","floor":7.0,"turns":5.0},{"damage":20.0,"enemies":"Lagavulin","floor":11.0,"turns":7.0},{"damage":16.0,"enemies":"Gremlin Nob","floor":13.0,"turns":3.0},{"damage":20.0,"enemies":"The Guardian","floor":16.0,"turns":7.0},{"damage":5.0,"enemies":"Chosen","floor":18.0,"turns":4.0},{"damage":22.0,"enemies":"Shell Parasite","floor":20.0,"turns":4.0},{"damage":27.0,"enemies":"Slavers","floor":23.0,"turns":6.0},{"damage":20.0,"enemies":"Book of Stabbing","floor":25.0,"turns":4.0},{"damage":8.0,"enemies":"Gremlin Leader","floor":28.0,"turns":4.0},{"damage":22,"enemies":"Snake Plant","floor":29,"turns":5},{"damage":14,"enemies":"Centurion and Healer","floor":30,"turns":1}],"seed_played":"7809609718467990294","potions_obtained":[{"floor":1.0,"key":"SpeedPotion"},{"floor":11.0,"key":"GamblersBrew"},{"floor":22.0,"key":"Regen Potion"},{"floor":25.0,"key":"FearPotion"},{"floor":28.0,"key":"LiquidBronze"}],"is_trial":false,"path_per_floor":["M","M","?","$","M","E","M","R","T","R","E","$","E","?","R","B",null,"M","$","M","?","?","E","R","E","T","R","E","M","M"],"character_chosen":"IRONCLAD","items_purchased":["Anger","SteroidPotion","Battle Trance"],"campfire_rested":1,"item_purchase_floors":[4,4,12],"current_hp_per_floor":[68,63,63,63,58,52,42,42,42,42,28,28,18,18,40,26,63,64,64,48,48,48,42,42,28,28,28,26,10,0],"gold":315,"neow_bonus":"RANDOM_COMMON_RELIC","is_prod":false,"is_daily":false,"chose_seed":false,"campfire_upgraded":4,"win_rate":0,"timestamp":1675578380,"path_taken":["M","M","?","$","M","E","M","R","T","R","E","$","E","?","R","BOSS","M","$","M","?","?","E","R","E","T","R","E","?","?"],"build_version":"2022-12-18","purchased_purges":2,"victory":false,"max_hp_per_floor":[75,75,75,75,75,75,75,75,75,75,75,75,75,75,75,75,75,75,75,75,75,75,75,75,75,75,75,75,75,75],"relic_stats":{"SsserpentHead":200,"counters":[15,64],"Shuriken":[5],"Blue Candle":[0],"Tiny Chest":0,"Art of War":[5],"Omamori":0,"MawBank":36,"Question Card":7,"obtain_stats":[{"Blue Candle":21,"Velvet Choker":17,"Oddly Smooth Stone":28,"Omamori":6,"MawBank":9,"Question Card":13,"Burning Blood":0,"SsserpentHead":14,"Shuriken":11,"Tiny Chest":23,"Art of War":0,"Bag of Marbles":26,"Toxic Egg 2":25},{"Blue Candle":10,"Velvet Choker":8,"Oddly Smooth Stone":13,"Omamori":4,"MawBank":5,"Question Card":7,"Burning Blood":0,"SsserpentHead":7,"Shuriken":6,"Tiny Chest":11,"Art of War":0,"Bag of Marbles":12,"Toxic Egg 2":12},{"Blue Candle":44,"Velvet Choker":36,"Oddly Smooth Stone":58,"Omamori":14,"MawBank":19,"Question Card":29,"Burning Blood":0,"SsserpentHead":29,"Shuriken":26,"Tiny Chest":50,"Art of War":0,"Bag of Marbles":54,"Toxic Egg 2":54}],"Burning Blood":84},"card_choices":[{"not_picked":["Clash","Evolve"],"picked":"Feel No Pain","floor":1.0},{"not_picked":["Bloodletting","Wild Strike"],"picked":"Blood for Blood","floor":2.0},{"not_picked":["Dual Wield","Sentinel"],"picked":"Clothesline","floor":5.0},{"not_picked":["Double Tap","Entrench"],"picked":"Inflame","floor":6.0},{"not_picked":["Twin Strike","Headbutt"],"picked":"True Grit","floor":7.0},{"not_picked":["Cleave","Perfected Strike"],"picked":"Fiend Fire","floor":11.0},{"not_picked":["Sword Boomerang","Perfected Strike"],"picked":"Whirlwind","floor":13.0},{"not_picked":["Double Tap","Brutality","Demon Form"],"picked":"Offering","floor":16.0},{"not_picked":["Hemokinesis","Bloodletting+1","Battle Trance"],"picked":"Heavy Blade","floor":18.0},{"not_picked":["Body Slam","Heavy Blade","Warcry","Rampage"],"picked":"SKIP","floor":20.0},{"not_picked":["Clothesline","Whirlwind+1","Shrug It Off"],"picked":"Corruption","floor":23.0},{"not_picked":["Sever Soul","Thunderclap","Feel No Pain"],"picked":"Second Wind+1","floor":25.0},{"not_picked":["Body Slam","Demon Form","Inflame","Reckless Charge"],"picked":"SKIP","floor":28.0},{"not_picked":["Clothesline","Perfected Strike","Sever Soul"],"picked":"Havoc+1","floor":29}],"player_experience":5491123,"relics_obtained":[{"floor":6.0,"key":"Omamori"},{"floor":9.0,"key":"MawBank"},{"floor":11.0,"key":"Shuriken"},{"floor":13.0,"key":"Question Card"},{"floor":23.0,"key":"Tiny Chest"},{"floor":25.0,"key":"Toxic Egg 2"},{"floor":26.0,"key":"Bag of Marbles"},{"floor":28.0,"key":"Oddly Smooth Stone"}],"event_choices":[{"damage_healed":0.0,"max_hp_gain":0.0,"max_hp_loss":0.0,"gold_gain":0.0,"cards_transformed":["Strike_R"],"event_name":"Transmorgrifier","player_choice":"Transformed","floor":3.0,"gold_loss":0.0,"damage_taken":0.0,"cards_obtained":["Berserk"]},{"damage_healed":0.0,"max_hp_gain":0.0,"max_hp_loss":0.0,"gold_gain":0.0,"event_name":"FaceTrader","player_choice":"Trade","floor":14.0,"gold_loss":0.0,"damage_taken":0.0,"relics_obtained":["SsserpentHead"]},{"damage_healed":0.0,"max_hp_gain":0.0,"max_hp_loss":0.0,"gold_gain":0.0,"event_name":"Addict","player_choice":"Obtained Relic","floor":21.0,"gold_loss":85.0,"damage_taken":0.0,"relics_obtained":["Blue Candle"]},{"damage_healed":0.0,"max_hp_gain":0.0,"max_hp_loss":0.0,"gold_gain":0.0,"event_name":"The Woman in Blue","player_choice":"Bought 1 Potion","floor":22.0,"gold_loss":0.0,"damage_taken":0.0}],"is_beta":false,"boss_relics":[{"not_picked":["Snecko Eye","Black Star"],"picked":"Velvet Choker"}],"items_purged_floors":[12,19],"is_endless":false,"potions_floor_spawned":[1,11,16,25,28,29],"killed_by":"Centurion and Healer","ascension_level":15}