{"gold_per_floor":[110,124,141,291,291,291,325,325,401,442,442,37,37,37,37,133,133,128,148,148,167,167,167,203,203,203,243,243,268,291,325,325,419,419,438,452,141,474,499,499,499],"floor_reached":41,"playtime":1314,"items_purged":["Strike_R","Bash"],"score":843,"play_id":"2a4a7f2a-6073-47d6-a3c5-94db630c394a","local_time":"20230204174623","is_ascension_mode":true,"campfire_choices":[{"data":"Whirlwind","floor":6.0,"key":"SMITH"},{"data":"Shockwave","floor":8.0,"key":"SMITH"},{"data":"True Grit","floor":13.0,"key":"SMITH"},{"floor":15.0,"key":"REST"},{"data":"Juggernaut","floor":23.0,"key":"SMITH"},{"data":"Burning Pact","floor":25.0,"key":"SMITH"},{"data":"Dark Embrace","floor":28.0,"key":"SMITH"},{"data":"Demon Form","floor":32.0,"key":"SMITH"},{"data":"Second Wind","floor":40.0,"key":"SMITH"}],"neow_cost":"NONE","seed_source_timestamp":30033883026900,"circlet_count":0,"master_deck":["AscendersBane","Defend_R","Defend_R","Defend_R","Defend_R","True Grit+1","Whirlwind+1","Shockwave+1","Impervious","Dropkick+1","Sentinel","Juggernaut+1","Fiend Fire+1","Blood for Blood+1","Dark Embrace+1","Necronomicurse","Pommel Strike+1","Bite+1","Bite+1","Bite+1","Bite+1","Burning Pact+1","Second Wind+1","Demon Form+1","Immolate+1","True Grit+1","Impervious","Feed+1"],"special_seed":0,"relics":["Burning Blood","Oddly Smooth Stone","Art of War","Molten Egg 2","Darkstone Periapt","Meat on the Bone","Mark of Pain","Necronomicon","Blue Candle","Juzu Bracelet","StrikeDummy","MealTicket","Unceasing Top","Empty Cage","Bronze Scales","Turnip"],"potions_floor_usage":[],"damage_taken":[{"damage":8.0,"enemies":"2 Louse","floor":1.0,"turns":3.0},{"damage":2.0,"enemies":"Jaw Worm","floor":2.0,"turns":5.0},{"damage":4.0,"enemies":"Small Slimes","floor":3.0,"turns":4.0},{"damage":58.0,"enemies":"Lagavulin","floor":7.0,"turns":10.0},{"damage":32.0,"enemies":"Gremlin Nob","floor":10.0,"turns":5.0},{"damage":31.0,"enemies":"The Guardian","floor":16.0,"turns":14.0},{"damage":23.0,"enemies":"2 Thieves","floor":18.0,"turns":4.0},{"damage":22.0,"enemies":"Shell Parasite","floor":19.0,"turns":6.0},{"damage":0.0,"enemies":"3 Cultists","floor":21.0,"turns":3.0},{"damage":36.0,"enemies":"Gremlin Leader","floor":24.0,"turns":5.0},{"damage":14.0,"enemies":"Slavers","floor":27.0,"turns":2.0},{"damage":31.0,"enemies":"Chosen and Byrds","floor":30.0,"turns":4.0},{"damage":5.0,"enemies":"Book of Stabbing","floor":31.0,"turns":3.0},{"damage":20.0,"enemies":"Champ","floor":33.0,"turns":8.0},{"damage":2.0,"enemies":"3 Shapes","floor":35.0,"turns":3.0},{"damage":2.0,"enemies":"Orb Walker","floor":36.0,"turns":4.0},{"damage":0.0,"enemies":"Mind Bloom Boss Battle","floor":39.0,"turns":6.0},{"damage":56,"enemies":"Nemesis","floor":41,"turns":6}],"seed_played":"-5266728096831871958","potions_obtained":[{"floor":7.0,"key":"FairyPotion"},{"floor":18.0,"key":"AttackPotion"},{"floor":19.0,"key":"Weak Potion"},{"floor":24.0,"key":"Weak Potion"},{"floor":30.0,"key":"SteroidPotion"},{"floor":33.0,"key":"Fire Potion"}],"is_trial":false,"path_per_floor":["M","M","M","?","?","R","E","R","T","E","?","$","R","?","R","B",null,"M","M","?","M","?","R","E","R","T","E","R","T","M","E","R","B",null,"M","M","$","?","?","R","E"],"character_chosen":"IRONCLAD","items_purchased":["Meat on the Bone","Dropkick+1","Impervious","Bronze Scales"],"campfire_rested":1,"item_purchase_floors":[12,12,37,37],"current_hp_per_floor":[66,70,72,72,68,68,16,16,16,16,16,16,16,16,36,23,57,52,48,33,51,51,51,42,42,42,37,37,37,33,37,37,38,48,51,51,51,51,51,51,0],"gold":499,"neow_bonus":"RANDOM_COMMON_RELIC","is_prod":false,"is_daily":false,"chose_seed":false,"campfire_upgraded":8,"win_rate":0,"timestamp":1675561583,"path_taken":["M","M","M","?","?","R","E","R","T","E","?","$","R","?","R","BOSS","M","?","?","M","?","R","E","R","T","E","R","?","M","E","R","BOSS","M","M","$","?","?","R","E"],"build_version":"2022-12-18","purchased_purges":2,"victory":false,"max_hp_per_floor":[75,75,75,75,68,68,68,68,68,68,68,68,68,68,68,68,68,68,68,74,74,51,51,51,51,51,51,51,51,51,51,51,51,51,51,51,51,51,51,51,51],"relic_stats":{"Darkstone Periapt":6,"counters":[18,95],"Blue Candle":[0],"Juzu Bracelet":0,"Burning Blood":91,"Bronze Scales":[50],"MealTicket":0,"Turnip":[0],"Art of War":[20],"Necronomicon":[21],"obtain_stats":[{"Darkstone Periapt":10,"Golden Idol":5,"Blue Candle":24,"Oddly Smooth Stone":0,"Juzu Bracelet":26,"Empty Cage":34,"Burning Blood":0,"Bronze Scales":37,"Molten Egg 2":9,"MealTicket":29,"Mark of Pain":17,"Turnip":39,"Art of War":7,"Necronomicon":20,"StrikeDummy":27,"Unceasing Top":31,"Meat on the Bone":12},{"Darkstone Periapt":5,"Golden Idol":3,"Blue Candle":10,"Oddly Smooth Stone":0,"Juzu Bracelet":10,"Empty Cage":14,"Burning Blood":0,"Bronze Scales":16,"Molten Egg 2":4,"MealTicket":11,"Mark of Pain":6,"Turnip":17,"Art of War":4,"Necronomicon":8,"StrikeDummy":11,"Unceasing Top":13,"Meat on the Bone":5},{"Darkstone Periapt":27,"Golden Idol":12,"Blue Candle":59,"Oddly Smooth Stone":0,"Juzu Bracelet":59,"Empty Cage":76,"Burning Blood":0,"Bronze Scales":83,"Molten Egg 2":22,"MealTicket":61,"Mark of Pain":41,"Turnip":89,"Art of War":22,"Necronomicon":51,"StrikeDummy":61,"Unceasing Top":68,"Meat on the Bone":27}],"Unceasing Top":[1],"Meat on the Bone":72},"card_choices":[{"not_picked":["Warcry","Body Slam"],"picked":"Twin Strike","floor":1.0},{"not_picked":["Wild Strike","Warcry"],"picked":"True Grit","floor":2.0},{"not_picked":["Havoc","Flex"],"picked":"Whirlwind","floor":3.0},{"not_picked":["Seeing Red","Evolve"],"picked":"Shockwave","floor":7.0},{"not_picked":["Battle Trance","Dark Embrace"],"picked":"Impervious","floor":10.0},{"not_picked":["Juggernaut","Impervious"],"picked":"Fiend Fire+1","floor":16.0},{"not_picked":["Flex","Entrench"],"picked":"Blood for Blood+1","floor":18.0},{"not_picked":["Disarm","Clash+1"],"picked":"Dark Embrace","floor":19.0},{"not_picked":["Rupture","Clothesline+1"],"picked":"Pommel Strike+1","floor":21.0},{"not_picked":["Heavy Blade+1","Pommel Strike+1"],"picked":"Burning Pact","floor":24.0},{"not_picked":["Anger+1","Carnage+1"],"picked":"Second Wind","floor":27.0},{"not_picked":["Perfected Strike+1","Pommel Strike+1","Heavy Blade+1"],"picked":"SKIP","floor":30.0},{"not_picked":["Rampage+1","Metallicize"],"picked":"Demon Form","floor":31.0},{"not_picked":["Limit Break","Impervious"],"picked":"Immolate+1","floor":33.0},{"not_picked":["Dual Wield+1","Anger+1"],"picked":"True Grit+1","floor":35.0},{"not_picked":["Searing Blow+1","Anger+1","Cleave+1"],"picked":"SKIP","floor":36.0},{"not_picked":["Sword Boomerang+1","Headbutt+1"],"picked":"Feed+1","floor":39.0}],"player_experience":5489809,"relics_obtained":[{"floor":7.0,"key":"Art of War"},{"floor":9.0,"key":"Molten Egg 2"},{"floor":10.0,"key":"Darkstone Periapt"},{"floor":20.0,"key":"Necronomicon"},{"floor":24.0,"key":"Blue Candle"},{"floor":26.0,"key":"Juzu Bracelet"},{"floor":27.0,"key":"StrikeDummy"},{"floor":29.0,"key":"MealTicket"},{"floor":31.0,"key":"Unceasing Top"},{"floor":39.0,"key":"Turnip"}],"event_choices":[{"damage_healed":0.0,"max_hp_gain":0.0,"max_hp_loss":0.0,"gold_gain":150.0,"event_name":"Liars Game","player_choice":"AGREE","floor":4.0,"gold_loss":0.0,"damage_taken":0.0,"cards_obtained":["Doubt"]},{"damage_healed":0.0,"max_hp_gain":0.0,"max_hp_loss":7.0,"gold_gain":0.0,"event_name":"Golden Idol","player_choice":"Lose Max HP","floor":5.0,"gold_loss":0.0,"damage_taken":0.0,"relics_obtained":["Golden Idol"]},{"cards_removed":["Doubt"],"damage_healed":0.0,"max_hp_gain":0.0,"max_hp_loss":0.0,"gold_gain":0.0,"event_name":"Living Wall","player_choice":"Forget","floor":11.0,"gold_loss":0.0,"damage_taken":0.0},{"damage_healed":0.0,"max_hp_gain":0.0,"max_hp_loss":0.0,"gold_gain":0.0,"event_name":"Match and Keep!","player_choice":"2 cards matched","floor":14.0,"gold_loss":0.0,"damage_taken":0.0,"cards_obtained":["Sentinel","Juggernaut"]},{"damage_healed":0.0,"max_hp_gain":0.0,"max_hp_loss":0.0,"gold_gain":0.0,"event_name":"Cursed Tome","player_choice":"Obtained Book","floor":20.0,"gold_loss":0.0,"damage_taken":21.0},{"damage_healed":0.0,"max_hp_gain":0.0,"max_hp_loss":23.0,"gold_gain":0.0,"event_name":"Vampires","player_choice":"Became a vampire","floor":22.0,"gold_loss":0.0,"damage_taken":0.0,"cards_obtained":["Bite","Bite","Bite","Bite","Bite"]},{"damage_healed":0.0,"max_hp_gain":0.0,"max_hp_loss":0.0,"gold_gain":333.0,"event_name":"The Moai Head","player_choice":"Gave Idol","floor":38.0,"relics_lost":["Golden Idol"],"gold_loss":0.0,"damage_taken":0.0},{"damage_healed":0.0,"max_hp_gain":0.0,"max_hp_loss":0.0,"gold_gain":0.0,"event_name":"MindBloom","player_choice":"Fight","floor":39.0,"gold_loss":0.0,"damage_taken":0.0}],"is_beta":false,"boss_relics":[{"not_picked":["Black Blood","Runic Cube"],"picked":"Mark of Pain"},{"not_picked":["Busted Crown","Pandora\u0027s Box"],"picked":"Empty Cage"}],"items_purged_floors":[12,37],"is_endless":false,"potions_floor_spawned":[7,18,19,24,30,33,39],"killed_by":"Nemesis","ascension_level":15}