{"gold_per_floor":[115,132,23,23,37,37,52,72,72,72,102,119,134,160,160,239,239,257,268,268,284,35,35],"floor_reached":23,"playtime":743,"items_purged":["Strike_R","Pain"],"score":355,"play_id":"51831b1e-da4e-44c7-b117-01c2b36f0d22","local_time":"20230405195908","is_ascension_mode":true,"campfire_choices":[{"data":"Bash","floor":6,"key":"SMITH"},{"data":"Combust","floor":10,"key":"SMITH"},{"data":"True Grit","floor":15,"key":"SMITH"}],"neow_cost":"PERCENT_DAMAGE","seed_source_timestamp":178366248197600,"circlet_count":0,"master_deck":["AscendersBane","Strike_R","Strike_R","Strike_R","Strike_R","Defend_R","Defend_R","Defend_R","Defend_R","Bash+1","Thunderclap","Anger","Combust+1","Impervious","Rampage","Immolate","True Grit+1","Demon Form","Armaments","Cleave","Whirlwind","Flame Barrier"],"relics":["Burning Blood","Shuriken","Odd Mushroom","Sundial","Dream Catcher","Singing Bowl","Busted Crown","WarpedTongs"],"potions_floor_usage":[16,23],"damage_taken":[{"damage":6,"enemies":"Cultist","floor":1,"turns":4},{"damage":9,"enemies":"Jaw Worm","floor":2,"turns":4},{"damage":1,"enemies":"2 Louse","floor":5,"turns":3},{"damage":18,"enemies":"Gremlin Gang","floor":7,"turns":3},{"damage":13,"enemies":"The Mushroom Lair","floor":8,"turns":4},{"damage":19,"enemies":"Lagavulin","floor":11,"turns":7},{"damage":7,"enemies":"Lots of Slimes","floor":12,"turns":2},{"damage":0,"enemies":"2 Fungi Beasts","floor":13,"turns":1},{"damage":21,"enemies":"3 Sentries","floor":14,"turns":4},{"damage":20,"enemies":"Hexaghost","floor":16,"turns":7},{"damage":26,"enemies":"3 Byrds","floor":18,"turns":4},{"damage":19,"enemies":"Shell Parasite","floor":19,"turns":4},{"damage":22,"enemies":"Shelled Parasite and Fungi","floor":21,"turns":6},{"damage":67,"enemies":"Gremlin Leader","floor":23,"turns":6}],"seed_played":"3970214698972116669","potions_obtained":[{"floor":1,"key":"Strength Potion"},{"floor":11,"key":"FairyPotion"},{"floor":21,"key":"SkillPotion"}],"is_trial":false,"path_per_floor":["M","M","$","T","M","R","M","?","T","R","E","M","M","E","R","B",null,"M","M","?","M","$","E"],"character_chosen":"IRONCLAD","basemod:card_modifiers":[null,null,null,null,null,null,null,null,null,null,null,null,null,null,null,null,null,null,null,null,null,null],"items_purchased":["Combust","Whirlwind","Flame Barrier"],"campfire_rested":0,"item_purchase_floors":[3,22,22],"current_hp_per_floor":[64,61,61,61,66,66,54,47,47,47,34,33,39,24,24,10,69,49,36,36,22,22,0],"gold":35,"neow_bonus":"TWENTY_PERCENT_HP_BONUS","is_prod":false,"is_daily":false,"chose_seed":false,"campfire_upgraded":3,"win_rate":0,"timestamp":1680749948,"path_taken":["M","M","$","?","M","R","M","?","T","R","E","M","M","E","R","BOSS","M","M","?","?","$","E"],"build_version":"2022-12-18","purchased_purges":2,"victory":false,"max_hp_per_floor":[89,89,89,89,89,89,89,89,89,89,89,89,89,89,89,89,89,89,89,89,91,91,91],"relic_stats":{"Dream Catcher":0,"Busted Crown":6,"Singing Bowl":2,"counters":[14,59],"Shuriken":[14],"Sundial":[6],"obtain_stats":[{"Dream Catcher":11,"Busted Crown":17,"Singing Bowl":14,"Shuriken":4,"Sundial":9,"Odd Mushroom":8,"Burning Blood":0,"WarpedTongs":20},{"Dream Catcher":6,"Busted Crown":10,"Singing Bowl":9,"Shuriken":2,"Sundial":5,"Odd Mushroom":5,"Burning Blood":0,"WarpedTongs":12},{"Dream Catcher":25,"Busted Crown":39,"Singing Bowl":32,"Shuriken":8,"Sundial":18,"Odd Mushroom":18,"Burning Blood":0,"WarpedTongs":47}],"Burning Blood":78,"WarpedTongs":[12]},"card_choices":[{"not_picked":["Rupture","Perfected Strike"],"picked":"Thunderclap","floor":1},{"not_picked":["Iron Wave","Armaments"],"picked":"Anger","floor":2},{"not_picked":["Thunderclap","Clash","Flex"],"picked":"SKIP","floor":5},{"not_picked":["True Grit","Warcry"],"picked":"Impervious","floor":7},{"not_picked":["Wild Strike","Burning Pact"],"picked":"Rampage","floor":8},{"not_picked":["Anger","Shockwave"],"picked":"Immolate","floor":11},{"not_picked":["Wild Strike","Clothesline","Heavy Blade"],"picked":"SKIP","floor":12},{"not_picked":["Cleave","Heavy Blade","Havoc"],"picked":"SKIP","floor":13},{"not_picked":["Entrench","Dark Embrace"],"picked":"True Grit","floor":14},{"not_picked":["Brutality","Exhume"],"picked":"Demon Form","floor":16},{"not_picked":[],"picked":"Armaments","floor":18},{"not_picked":[],"picked":"Cleave","floor":19},{"not_picked":["Wild Strike"],"picked":"Singing Bowl","floor":21}],"player_experience":5542097,"relics_obtained":[{"floor":4,"key":"Shuriken"},{"floor":8,"key":"Odd Mushroom"},{"floor":9,"key":"Sundial"},{"floor":11,"key":"Dream Catcher"},{"floor":14,"key":"Singing Bowl"}],"event_choices":[{"damage_healed":0,"gold_gain":0,"player_choice":"Fought Mushrooms","damage_taken":0,"max_hp_gain":0,"max_hp_loss":0,"event_name":"Mushrooms","floor":8,"gold_loss":0},{"damage_healed":0,"gold_gain":0,"player_choice":"Rummage","damage_taken":0,"relics_obtained":["WarpedTongs"],"max_hp_gain":0,"max_hp_loss":0,"event_name":"Accursed Blacksmith","floor":20,"gold_loss":0,"cards_obtained":["Pain"]}],"is_beta":false,"boss_relics":[{"not_picked":["Sozu","Empty Cage"],"picked":"Busted Crown"}],"items_purged_floors":[3,22],"is_endless":false,"potions_floor_spawned":[1,11,12,21],"killed_by":"Gremlin Leader","ascension_level":15}