{"gold_per_floor":[109,184,198,198,215,215,248,261,285,285,317,336,211,245,245,322,322,322,322,222,222,147,147,22,22,22,22,22,22,22,22,22,22,22,22,22,22,22,22,22,22,22,22,22,22,22,22,22,22,22],"floor_reached":51,"playtime":2380,"items_purged":["Pain","Strike_R","Strike_R"],"score":1583,"play_id":"f8344277-be21-4adc-81c3-d38985fc75a9","local_time":"20230402204932","is_ascension_mode":true,"campfire_choices":[{"data":"Carnage","floor":6.0,"key":"SMITH"},{"data":"Cleave","floor":10.0,"key":"SMITH"},{"data":"Demon Form","floor":15.0,"key":"SMITH"},{"data":"Immolate","floor":29.0,"key":"SMITH"},{"data":"Limit Break","floor":32.0,"key":"SMITH"},{"data":"Offering","floor":42.0,"key":"SMITH"},{"floor":49,"key":"REST"}],"neow_cost":"NONE","seed_source_timestamp":215895030960900,"circlet_count":0,"master_deck":["AscendersBane","Strike_R","Strike_R","Defend_R","Defend_R","Defend_R","Bash+1","Carnage+1","Cleave+1","Iron Wave","Ghostly Armor","Demon Form+1","Power Through","Immolate+1","Pommel Strike","Limit Break+1","Reaper","Twin Strike","Offering+1","Feel No Pain+1","Sword Boomerang","Second Wind","Rage+1","Entrench+1","True Grit+1","Uppercut+1","Discovery+1"],"special_seed":0,"relics":["Burning Blood","WarpedTongs","Centennial Puzzle","Happy Flower","Red Skull","Bronze Scales","Ectoplasm","Letter Opener","Nunchaku","Bottled Flame","Akabeko","Black Star","TungstenRod","StrikeDummy","Meat on the Bone","Toxic Egg 2","Du-Vu Doll","Champion Belt","Ornamental Fan","Boot"],"potions_floor_usage":[44,50,50],"damage_taken":[{"damage":0.0,"enemies":"2 Louse","floor":1.0,"turns":3.0},{"damage":1.0,"enemies":"Cultist","floor":3.0,"turns":3.0},{"damage":0.0,"enemies":"Small Slimes","floor":5.0,"turns":2.0},{"damage":20.0,"enemies":"Gremlin Nob","floor":7.0,"turns":4.0},{"damage":5.0,"enemies":"Looter","floor":8.0,"turns":2.0},{"damage":8.0,"enemies":"Lagavulin","floor":11.0,"turns":7.0},{"damage":5.0,"enemies":"Blue Slaver","floor":12.0,"turns":2.0},{"damage":0.0,"enemies":"3 Sentries","floor":14.0,"turns":5.0},{"damage":38.0,"enemies":"Slime Boss","floor":16.0,"turns":6.0},{"damage":0.0,"enemies":"Chosen","floor":18.0,"turns":3.0},{"damage":4.0,"enemies":"Spheric Guardian","floor":19.0,"turns":3.0},{"damage":0.0,"enemies":"Snake Plant","floor":21.0,"turns":3.0},{"damage":23.0,"enemies":"Book of Stabbing","floor":23.0,"turns":5.0},{"damage":0.0,"enemies":"Gremlin Leader","floor":25.0,"turns":5.0},{"damage":0.0,"enemies":"3 Cultists","floor":27.0,"turns":4.0},{"damage":23.0,"enemies":"Book of Stabbing","floor":28.0,"turns":5.0},{"damage":9.0,"enemies":"Centurion and Healer","floor":30.0,"turns":9.0},{"damage":4.0,"enemies":"Cultist and Chosen","floor":31.0,"turns":3.0},{"damage":86.0,"enemies":"Automaton","floor":33.0,"turns":8.0},{"damage":7.0,"enemies":"3 Shapes","floor":35.0,"turns":4.0},{"damage":43.0,"enemies":"3 Darklings","floor":37.0,"turns":6.0},{"damage":2.0,"enemies":"Jaw Worm Horde","floor":38.0,"turns":5.0},{"damage":36.0,"enemies":"Mind Bloom Boss Battle","floor":39.0,"turns":9.0},{"damage":44.0,"enemies":"Reptomancer","floor":40.0,"turns":6.0},{"damage":34.0,"enemies":"Maw","floor":41.0,"turns":6.0},{"damage":29,"enemies":"Giant Head","floor":44,"turns":8},{"damage":7,"enemies":"Transient","floor":45,"turns":5},{"damage":17,"enemies":"Writhing Mass","floor":46,"turns":3},{"damage":16,"enemies":"Nemesis","floor":47,"turns":5},{"damage":28,"enemies":"Donu and Deca","floor":50,"turns":7}],"seed_played":"-3180816440773184287","potions_obtained":[{"floor":1.0,"key":"Ancient Potion"},{"floor":3.0,"key":"BlessingOfTheForge"},{"floor":7.0,"key":"AttackPotion"},{"floor":14.0,"key":"SpeedPotion"},{"floor":19.0,"key":"Explosive Potion"},{"floor":27.0,"key":"Explosive Potion"},{"floor":28.0,"key":"Explosive Potion"},{"floor":30.0,"key":"BlessingOfTheForge"},{"floor":33.0,"key":"EssenceOfSteel"},{"floor":37.0,"key":"BloodPotion"},{"floor":40.0,"key":"Explosive Potion"},{"floor":44,"key":"DistilledChaos"},{"floor":47,"key":"AttackPotion"}],"is_trial":false,"path_per_floor":["M","?","M","?","M","R","E","M","T","R","E","M","$","E","R","B",null,"M","M","$","M","?","E","$","E","T","M","E","R","M","M","R","B",null,"M","?","M","M","?","E","M","R","T","E","M","M","E","?","R","B",null],"character_chosen":"IRONCLAD","basemod:card_modifiers":[null,null,null,null,null,null,null,null,null,null,null,null,null,null,null,null,null,null,null,null,null,null,null,null,null,null,null],"items_purchased":["Fire Potion"],"campfire_rested":1,"item_purchase_floors":[13],"current_hp_per_floor":[74,63,68,68,74,74,60,61,61,61,59,60,60,66,66,34,65,71,73,73,75,75,58,58,64,64,70,53,53,75,75,75,14,60,75,75,75,75,75,59,53,53,53,49,48,49,52,52,74,75],"gold":22,"neow_bonus":"UPGRADE_CARD","is_prod":false,"is_daily":false,"chose_seed":false,"campfire_upgraded":6,"win_rate":0,"timestamp":1680493772,"path_taken":["M","?","M","?","M","R","E","?","T","R","E","M","$","E","R","BOSS","M","M","$","M","?","E","$","E","T","M","E","R","M","M","R","BOSS","M","?","M","M","?","E","M","R","T","E","M","M","E","?","R","BOSS"],"build_version":"2022-12-18","purchased_purges":3,"victory":true,"max_hp_per_floor":[75,75,75,75,75,75,75,75,75,75,75,75,75,75,75,75,75,75,75,75,75,75,75,75,75,75,75,75,75,75,75,75,75,75,75,75,75,75,75,75,75,75,75,75,75,75,75,75,75,75],"relic_stats":{"Happy Flower":[44],"counters":[30,146],"Letter Opener":[36],"Boot":[0],"Burning Blood":147,"WarpedTongs":[133],"Centennial Puzzle":[63],"Nunchaku":[16],"Bottled Flame":"Immolate","Ornamental Fan":[8],"Bronze Scales":[303],"Ectoplasm":480,"Black Star":3,"Champion Belt":[4],"obtain_stats":[{"Happy Flower":9,"Letter Opener":23,"Boot":47,"Burning Blood":0,"Akabeko":28,"WarpedTongs":4,"Du-Vu Doll":44,"Centennial Puzzle":7,"Nunchaku":25,"Bottled Flame":26,"Ornamental Fan":47,"Bronze Scales":14,"Ectoplasm":17,"Black Star":34,"Champion Belt":44,"Toxic Egg 2":43,"StrikeDummy":40,"Red Skull":11,"TungstenRod":39,"Meat on the Bone":40},{"Happy Flower":5,"Letter Opener":13,"Boot":29,"Burning Blood":0,"Akabeko":16,"WarpedTongs":2,"Du-Vu Doll":26,"Centennial Puzzle":4,"Nunchaku":14,"Bottled Flame":14,"Ornamental Fan":29,"Bronze Scales":8,"Ectoplasm":9,"Black Star":19,"Champion Belt":26,"Toxic Egg 2":25,"StrikeDummy":24,"Red Skull":6,"TungstenRod":23,"Meat on the Bone":24},{"Happy Flower":14,"Letter Opener":48,"Boot":139,"Burning Blood":0,"Akabeko":62,"WarpedTongs":6,"Du-Vu Doll":126,"Centennial Puzzle":12,"Nunchaku":53,"Bottled Flame":53,"Ornamental Fan":139,"Bronze Scales":28,"Ectoplasm":34,"Black Star":82,"Champion Belt":126,"Toxic Egg 2":118,"StrikeDummy":112,"Red Skull":21,"TungstenRod":106,"Meat on the Bone":112}],"TungstenRod":24,"Meat on the Bone":12},"card_choices":[{"not_picked":["True Grit","Rampage"],"picked":"Carnage","floor":1.0},{"not_picked":["Headbutt","True Grit"],"picked":"Cleave","floor":3.0},{"not_picked":["Clothesline","Flex","Blood for Blood"],"picked":"SKIP","floor":5.0},{"not_picked":["Perfected Strike","Intimidate"],"picked":"Iron Wave","floor":7.0},{"not_picked":["Clash","Searing Blow"],"picked":"Ghostly Armor","floor":8.0},{"not_picked":["Twin Strike","Clash","Infernal Blade"],"picked":"SKIP","floor":11.0},{"not_picked":["Perfected Strike","Fire Breathing"],"picked":"Demon Form","floor":12.0},{"not_picked":["Infernal Blade","Clothesline"],"picked":"Power Through","floor":14.0},{"not_picked":["Bludgeon","Limit Break"],"picked":"Immolate","floor":16.0},{"not_picked":["Perfected Strike","Reckless Charge","Sever Soul"],"picked":"SKIP","floor":18.0},{"not_picked":["Iron Wave","Perfected Strike"],"picked":"Pommel Strike","floor":19.0},{"not_picked":["Heavy Blade","Headbutt","Pommel Strike"],"picked":"SKIP","floor":21.0},{"not_picked":["True Grit","Flex"],"picked":"Limit Break","floor":23.0},{"not_picked":["Cleave","Havoc","Wild Strike"],"picked":"SKIP","floor":25.0},{"not_picked":["Hemokinesis","Perfected Strike","Warcry"],"picked":"SKIP","floor":27.0},{"not_picked":["Perfected Strike+1","Blood for Blood"],"picked":"Reaper","floor":28.0},{"not_picked":["Heavy Blade","Thunderclap","Armaments"],"picked":"SKIP","floor":30.0},{"not_picked":["Thunderclap","Pommel Strike"],"picked":"Twin Strike","floor":31.0},{"not_picked":["Bludgeon","Reaper"],"picked":"Offering","floor":33.0},{"not_picked":["Twin Strike+1","Carnage","Clothesline"],"picked":"SKIP","floor":35.0},{"not_picked":["Flame Barrier+1","Pommel Strike"],"picked":"Feel No Pain+1","floor":37.0},{"not_picked":["Entrench","True Grit"],"picked":"Sword Boomerang","floor":38.0},{"not_picked":["True Grit","Body Slam+1"],"picked":"Second Wind","floor":39.0},{"not_picked":["Entrench","Immolate"],"picked":"Rage+1","floor":40.0},{"not_picked":["Pummel","Infernal Blade","Body Slam"],"picked":"SKIP","floor":41.0},{"not_picked":["Pummel","Headbutt"],"picked":"Entrench+1","floor":44},{"not_picked":["Searing Blow","Anger","Inflame"],"picked":"SKIP","floor":45},{"not_picked":["Searing Blow","Twin Strike+1"],"picked":"True Grit+1","floor":46},{"not_picked":["Heavy Blade","Pommel Strike"],"picked":"Uppercut+1","floor":47},{"not_picked":["Swift Strike","Dramatic Entrance"],"picked":"Discovery+1","floor":48}],"player_experience":5526462,"relics_obtained":[{"floor":7.0,"key":"Centennial Puzzle"},{"floor":9.0,"key":"Happy Flower"},{"floor":11.0,"key":"Red Skull"},{"floor":14.0,"key":"Bronze Scales"},{"floor":23.0,"key":"Letter Opener"},{"floor":25.0,"key":"Nunchaku"},{"floor":26.0,"key":"Bottled Flame"},{"floor":28.0,"key":"Akabeko"},{"floor":39.0,"key":"TungstenRod"},{"floor":40.0,"key":"StrikeDummy"},{"floor":40.0,"key":"Meat on the Bone"},{"floor":43.0,"key":"Toxic Egg 2"},{"floor":44,"key":"Du-Vu Doll"},{"floor":44,"key":"Champion Belt"},{"floor":47,"key":"Ornamental Fan"},{"floor":47,"key":"Boot"}],"event_choices":[{"damage_healed":0.0,"max_hp_gain":0.0,"max_hp_loss":0.0,"gold_gain":75.0,"event_name":"World of Goop","player_choice":"Gather Gold","floor":2.0,"gold_loss":0.0,"damage_taken":11.0},{"damage_healed":0.0,"max_hp_gain":0.0,"max_hp_loss":0.0,"gold_gain":0.0,"event_name":"Accursed Blacksmith","player_choice":"Rummage","floor":4.0,"gold_loss":0.0,"damage_taken":0.0,"relics_obtained":["WarpedTongs"],"cards_obtained":["Pain"]},{"cards_removed":["Strike_R"],"damage_healed":0.0,"max_hp_gain":0.0,"max_hp_loss":0.0,"gold_gain":0.0,"event_name":"Beggar","player_choice":"Gave Gold","floor":22.0,"gold_loss":75.0,"damage_taken":0.0},{"cards_removed":["Defend_R"],"damage_healed":0.0,"max_hp_gain":0.0,"max_hp_loss":0.0,"gold_gain":0.0,"event_name":"Falling","player_choice":"Removed Skill","floor":36.0,"gold_loss":0.0,"damage_taken":0.0},{"damage_healed":0.0,"max_hp_gain":0.0,"max_hp_loss":0.0,"gold_gain":0.0,"event_name":"MindBloom","player_choice":"Fight","floor":39.0,"gold_loss":0.0,"damage_taken":0.0},{"damage_healed":0,"gold_gain":0,"player_choice":"Memory 1","damage_taken":0,"max_hp_gain":0,"max_hp_loss":0,"event_name":"SensoryStone","floor":48,"gold_loss":0}],"is_beta":false,"boss_relics":[{"not_picked":["Busted Crown","Black Blood"],"picked":"Ectoplasm"},{"not_picked":["Mark of Pain","Coffee Dripper"],"picked":"Black Star"}],"items_purged_floors":[13,20,24],"is_endless":false,"potions_floor_spawned":[1,3,7,14,19,27,28,30,31,33,37,39,40,44,47],"ascension_level":15}