{"gold_per_floor":[360,2,17,32,107,107,139,139,139,165,165,178,178,213,213,292,292,303,320,300,316,316,316,341,49,76,108,128,128,128,161,161,234,234,248,248,1247,464,481,481,512,512,537,582,582,615,615,630,630,630],"floor_reached":51,"playtime":1419,"items_purged":["Strike_R","Barricade","Berserk"],"score":1591,"play_id":"92be124b-58a1-47cf-9b4d-804005c6114e","local_time":"20230404210148","is_ascension_mode":true,"campfire_choices":[{"data":"Whirlwind","floor":6.0,"key":"SMITH"},{"floor":11.0,"key":"REST"},{"data":"Inflame","floor":13.0,"key":"SMITH"},{"data":"Shockwave","floor":15.0,"key":"SMITH"},{"data":"Offering","floor":23.0,"key":"SMITH"},{"data":"Limit Break","floor":29.0,"key":"SMITH"},{"floor":32.0,"key":"REST"},{"data":"Feel No Pain","floor":40,"key":"SMITH"},{"floor":42,"key":"DIG"},{"floor":47,"key":"DIG"},{"floor":49,"key":"DIG"}],"neow_cost":"PERCENT_DAMAGE","seed_source_timestamp":94945192260400,"circlet_count":0,"master_deck":["AscendersBane","Bash+1","Whirlwind+1","Feel No Pain+1","Inflame+1","Rage+1","Thunderclap+1","Anger+1","Shockwave+1","Heavy Blade+1","Fiend Fire+1","Offering+1","Intimidate","Iron Wave+1","Clash+1","Sever Soul+1","Flex","Dropkick+1","Second Wind","Spot Weakness","Sword Boomerang+1","Shrug It Off","Limit Break+1","Immolate+1","Pummel+1","Pommel Strike+1","Shrug It Off","Mayhem+1","Shrug It Off","Uppercut+1"],"special_seed":0,"relics":["Burning Blood","Molten Egg 2","Darkstone Periapt","Omamori","Bag of Marbles","Du-Vu Doll","Pandora\u0027s Box","Bottled Tornado","Shovel","Chemical X","Whetstone","Paper Frog","Enchiridion","Frozen Egg 2","Velvet Choker","ClockworkSouvenir","Shuriken","Bag of Preparation","InkBottle","Anchor","FossilizedHelix","HornCleat","Art of War","Akabeko"],"potions_floor_usage":[41,50,50],"damage_taken":[{"damage":5.0,"enemies":"Small Slimes","floor":1.0,"turns":3.0},{"damage":8.0,"enemies":"Jaw Worm","floor":3.0,"turns":5.0},{"damage":6.0,"enemies":"Cultist","floor":4.0,"turns":4.0},{"damage":29.0,"enemies":"Gremlin Nob","floor":7.0,"turns":4.0},{"damage":11.0,"enemies":"3 Sentries","floor":10.0,"turns":5.0},{"damage":0.0,"enemies":"Large Slime","floor":12.0,"turns":4.0},{"damage":21.0,"enemies":"Gremlin Nob","floor":14.0,"turns":4.0},{"damage":0.0,"enemies":"Slime Boss","floor":16.0,"turns":4.0},{"damage":11.0,"enemies":"2 Thieves","floor":18.0,"turns":3.0},{"damage":0.0,"enemies":"Chosen","floor":19.0,"turns":3.0},{"damage":10.0,"enemies":"Centurion and Healer","floor":21.0,"turns":3.0},{"damage":20.0,"enemies":"Gremlin Leader","floor":24.0,"turns":4.0},{"damage":15.0,"enemies":"Book of Stabbing","floor":27.0,"turns":3.0},{"damage":6.0,"enemies":"Cultist and Chosen","floor":28.0,"turns":2.0},{"damage":0.0,"enemies":"Gremlin Leader","floor":31.0,"turns":3.0},{"damage":7.0,"enemies":"Automaton","floor":33.0,"turns":4.0},{"damage":11.0,"enemies":"3 Shapes","floor":35.0,"turns":2.0},{"damage":1,"enemies":"3 Darklings","floor":39,"turns":2},{"damage":4,"enemies":"Nemesis","floor":41,"turns":3},{"damage":0,"enemies":"2 Orb Walkers","floor":44,"turns":2},{"damage":0,"enemies":"Giant Head","floor":46,"turns":4},{"damage":0,"enemies":"Transient","floor":48,"turns":5},{"damage":17,"enemies":"Awakened One","floor":50,"turns":5}],"seed_played":"2209546322409442937","potions_obtained":[{"floor":1.0,"key":"SteroidPotion"},{"floor":4.0,"key":"ElixirPotion"},{"floor":12.0,"key":"Strength Potion"},{"floor":16.0,"key":"Dexterity Potion"},{"floor":19.0,"key":"AttackPotion"},{"floor":20.0,"key":"SteroidPotion"},{"floor":24.0,"key":"Fire Potion"},{"floor":33.0,"key":"Fire Potion"},{"floor":35.0,"key":"Block Potion"},{"floor":41,"key":"ColorlessPotion"}],"is_trial":false,"path_per_floor":["M","$","M","M","?","R","E","?","T","E","R","M","R","E","R","B",null,"M","M","?","M","T","R","E","$","T","E","M","R","?","E","R","B",null,"M","?","?","$","M","R","E","R","T","?","?","E","R","M","R","B",null],"character_chosen":"IRONCLAD","basemod:card_modifiers":[null,null,null,null,null,null,null,null,null,null,null,null,null,null,null,null,null,null,null,null,null,null,null,null,null,null,null,null,null,null],"items_purchased":["Molten Egg 2","Feel No Pain","Chemical X","Shrug It Off","ClockworkSouvenir","Shuriken","Pommel Strike+1","Shrug It Off","Mayhem+1"],"campfire_rested":2,"item_purchase_floors":[2,2,25,25,38,38,38,38,38],"current_hp_per_floor":[51,51,49,49,38,38,15,15,15,10,32,38,38,23,23,29,64,59,65,65,61,61,61,47,47,47,38,38,38,17,23,45,44,67,62,62,62,62,67,67,69,69,69,75,75,75,75,75,75,64],"gold":630,"neow_bonus":"TWO_FIFTY_GOLD","is_prod":false,"is_daily":false,"chose_seed":false,"campfire_upgraded":6,"win_rate":0,"timestamp":1680667308,"path_taken":["M","$","M","M","?","R","E","?","T","E","R","?","R","E","R","BOSS","M","M","?","?","?","R","E","$","T","E","M","R","?","E","R","BOSS","M","?","?","$","M","R","E","R","T","?","?","E","R","M","R","BOSS"],"build_version":"2022-12-18","purchased_purges":3,"victory":true,"max_hp_per_floor":[75,75,75,75,75,75,75,75,75,75,75,75,75,75,75,75,75,75,75,75,75,75,75,75,75,75,75,75,75,75,75,75,75,75,75,75,75,75,75,75,75,75,75,75,75,75,75,75,75,75],"relic_stats":{"Darkstone Periapt":0,"counters":[23,81],"Omamori":2,"Bag of Preparation":[8],"Whetstone":["Bash"],"Bottled Tornado":"Inflame","Burning Blood":126,"Shovel":3,"Shuriken":[5],"Pandora\u0027s Box":["Offering","Intimidate","Iron Wave","Berserk","Clash","Sever Soul","Flex","Barricade"],"Art of War":[1],"Chemical X":[11],"obtain_stats":[{"Darkstone Periapt":7,"Enchiridion":30,"Velvet Choker":34,"Omamori":9,"Bag of Preparation":41,"Whetstone":26,"Bottled Tornado":22,"Frozen Egg 2":31,"Burning Blood":0,"Akabeko":49,"ClockworkSouvenir":38,"Du-Vu Doll":14,"Anchor":43,"Shovel":24,"HornCleat":46,"Shuriken":38,"Molten Egg 2":2,"Pandora\u0027s Box":17,"Bag of Marbles":10,"Art of War":47,"Chemical X":25,"InkBottle":42,"FossilizedHelix":44,"Paper Frog":27},{"Darkstone Periapt":4,"Enchiridion":14,"Velvet Choker":16,"Omamori":4,"Bag of Preparation":19,"Whetstone":12,"Bottled Tornado":11,"Frozen Egg 2":15,"Burning Blood":0,"Akabeko":22,"ClockworkSouvenir":17,"Du-Vu Doll":7,"Anchor":19,"Shovel":12,"HornCleat":21,"Shuriken":17,"Molten Egg 2":1,"Pandora\u0027s Box":8,"Bag of Marbles":5,"Art of War":21,"Chemical X":12,"InkBottle":19,"FossilizedHelix":20,"Paper Frog":13},{"Darkstone Periapt":16,"Enchiridion":51,"Velvet Choker":58,"Omamori":16,"Bag of Preparation":65,"Whetstone":46,"Bottled Tornado":42,"Frozen Egg 2":54,"Burning Blood":0,"Akabeko":76,"ClockworkSouvenir":60,"Du-Vu Doll":29,"Anchor":65,"Shovel":46,"HornCleat":71,"Shuriken":60,"Molten Egg 2":3,"Pandora\u0027s Box":33,"Bag of Marbles":21,"Art of War":71,"Chemical X":46,"InkBottle":65,"FossilizedHelix":67,"Paper Frog":49}],"InkBottle":[6],"FossilizedHelix":[22]},"card_choices":[{"not_picked":["Reckless Charge","Anger"],"picked":"Whirlwind","floor":1.0},{"not_picked":["Perfected Strike+1","Power Through"],"picked":"Inflame","floor":3.0},{"not_picked":["Body Slam+1","Perfected Strike+1"],"picked":"Rage","floor":4.0},{"not_picked":["Flame Barrier","Exhume"],"picked":"Thunderclap+1","floor":7.0},{"not_picked":["Dual Wield","Carnage+1"],"picked":"Anger+1","floor":10.0},{"not_picked":["Sever Soul+1","Warcry"],"picked":"Shockwave","floor":12.0},{"not_picked":["Cleave+1","Havoc"],"picked":"Heavy Blade+1","floor":14.0},{"not_picked":["Immolate+1","Berserk"],"picked":"Fiend Fire+1","floor":16.0},{"not_picked":["Perfected Strike+1","Clothesline+1"],"picked":"Dropkick+1","floor":18.0},{"not_picked":["Dark Embrace","Clash+1"],"picked":"Second Wind","floor":19.0},{"not_picked":["Wild Strike+1","Intimidate+1"],"picked":"Spot Weakness","floor":21.0},{"not_picked":["Headbutt+1","Anger+1"],"picked":"Sword Boomerang+1","floor":24.0},{"not_picked":["Anger+1","Pommel Strike+1"],"picked":"Limit Break","floor":27.0},{"not_picked":["Reckless Charge+1","Anger+1","True Grit"],"picked":"SKIP","floor":28.0},{"not_picked":["Bludgeon+1","Havoc","Sever Soul+1"],"picked":"SKIP","floor":31.0},{"not_picked":["Berserk+1","Juggernaut+1"],"picked":"Immolate+1","floor":33.0},{"not_picked":["Reckless Charge+1","Seeing Red"],"picked":"Pummel+1","floor":35.0},{"not_picked":["Wild Strike+1","True Grit"],"picked":"Shrug It Off","floor":39},{"not_picked":["Evolve+1","Thunderclap+1","Spot Weakness"],"picked":"SKIP","floor":41},{"not_picked":["Anger+1","Armaments"],"picked":"Uppercut+1","floor":46},{"not_picked":["Feed+1","Ghostly Armor","Dropkick+1"],"picked":"SKIP","floor":48}],"player_experience":5537670,"relics_obtained":[{"floor":7.0,"key":"Darkstone Periapt"},{"floor":9.0,"key":"Omamori"},{"floor":10.0,"key":"Bag of Marbles"},{"floor":14.0,"key":"Du-Vu Doll"},{"floor":22.0,"key":"Bottled Tornado"},{"floor":24.0,"key":"Shovel"},{"floor":26.0,"key":"Whetstone"},{"floor":27.0,"key":"Paper Frog"},{"floor":30.0,"key":"Enchiridion"},{"floor":31.0,"key":"Frozen Egg 2"},{"floor":41,"key":"Bag of Preparation"},{"floor":42,"key":"InkBottle"},{"floor":43,"key":"Anchor"},{"floor":44,"key":"FossilizedHelix"},{"floor":46,"key":"HornCleat"},{"floor":47,"key":"Art of War"},{"floor":49,"key":"Akabeko"}],"event_choices":[{"damage_healed":0.0,"max_hp_gain":0.0,"max_hp_loss":0.0,"gold_gain":75.0,"event_name":"World of Goop","player_choice":"Gather Gold","floor":5.0,"gold_loss":0.0,"damage_taken":11.0},{"damage_healed":0.0,"max_hp_gain":0.0,"max_hp_loss":0.0,"gold_gain":0.0,"event_name":"Upgrade Shrine","player_choice":"Upgraded","floor":8.0,"gold_loss":0.0,"damage_taken":0.0,"cards_upgraded":["Rage"]},{"damage_healed":0.0,"max_hp_gain":0.0,"max_hp_loss":0.0,"gold_gain":0.0,"event_name":"The Woman in Blue","player_choice":"Bought 1 Potion","floor":20.0,"gold_loss":0.0,"damage_taken":0.0},{"damage_healed":0.0,"max_hp_gain":0.0,"max_hp_loss":0.0,"gold_gain":0.0,"event_name":"Cursed Tome","player_choice":"Obtained Book","floor":30.0,"gold_loss":0.0,"damage_taken":21.0},{"damage_healed":0.0,"max_hp_gain":0.0,"max_hp_loss":0.0,"gold_gain":0.0,"event_name":"Tomb of Lord Red Mask","player_choice":"Ignored","floor":36.0,"gold_loss":0.0,"damage_taken":0.0},{"damage_healed":0,"gold_gain":999,"player_choice":"Gold","damage_taken":0,"max_hp_gain":0,"max_hp_loss":0,"event_name":"MindBloom","floor":37,"gold_loss":0,"cards_obtained":["Normality","Normality"]},{"damage_healed":0,"gold_gain":0,"player_choice":"Fight","damage_taken":0,"max_hp_gain":0,"max_hp_loss":0,"event_name":"Mysterious Sphere","floor":44,"gold_loss":0},{"damage_healed":0,"gold_gain":0,"player_choice":"Memory 1","damage_taken":0,"max_hp_gain":0,"max_hp_loss":0,"event_name":"SensoryStone","floor":45,"gold_loss":0}],"is_beta":false,"boss_relics":[{"not_picked":["Astrolabe","SacredBark"],"picked":"Pandora\u0027s Box"},{"not_picked":["Calling Bell","Coffee Dripper"],"picked":"Velvet Choker"}],"items_purged_floors":[2,25,38],"is_endless":false,"potions_floor_spawned":[1,4,12,16,19,24,28,33,35,41,46,48],"ascension_level":15}