{"gold_per_floor":[15,29,39,39,39,39,73,86,134,149,149,175,195,214,214,287,287,307,197,217,234,108,108,143,158,185,185,85,300,312,339,339,417,417,429,429,429,442,461,495,525,558,558,558,591,33,52,62,62,62],"floor_reached":51,"playtime":2635,"items_purged":["Strike_R","Strike_R","Power Through"],"score":1471,"play_id":"26c9ed1e-827c-42b6-84d9-94e3ca2c813d","local_time":"20230408120902","is_ascension_mode":true,"campfire_choices":[{"data":"Bash","floor":6.0,"key":"SMITH"},{"data":"Armaments","floor":11.0,"key":"SMITH"},{"data":"Feed","floor":15.0,"key":"SMITH"},{"data":"Dark Embrace","floor":23,"key":"SMITH"},{"data":"Inflame","floor":27,"key":"SMITH"},{"data":"Feel No Pain","floor":32,"key":"SMITH"},{"data":"Disarm","floor":49,"key":"SMITH"}],"neow_cost":"NO_GOLD","seed_source_timestamp":13016368152300,"circlet_count":0,"master_deck":["AscendersBane","Bash+1","Corruption","Clothesline","Combust+1","Armaments+1","Shrug It Off","Disarm+1","Dark Embrace+1","Anger","Feed+1","Demon Form+1","Shrug It Off","Pommel Strike+1","Pummel+1","Burning Pact","Inflame+1","Feel No Pain+1","Twin Strike+1","Reaper","Impervious","Berserk","Feed","Warcry","Sword Boomerang","True Grit+1","Flame Barrier+1","Dual Wield+1","Master of Strategy","Shrug It Off","Sword Boomerang+1"],"special_seed":0,"relics":["Burning Blood","Mummified Hand","Blood Vial","Orichalcum","Runic Pyramid","Oddly Smooth Stone","Strawberry","Old Coin","Ancient Tea Set","Pandora\u0027s Box","WingedGreaves","CaptainsWheel","Omamori","Art of War","Ornamental Fan","PreservedInsect","Lantern"],"potions_floor_usage":[16,21,24,31,42,42,42,42,42,50],"damage_taken":[{"damage":13.0,"enemies":"Jaw Worm","floor":1.0,"turns":4.0},{"damage":4.0,"enemies":"2 Louse","floor":2.0,"turns":3.0},{"damage":1.0,"enemies":"Cultist","floor":3.0,"turns":4.0},{"damage":30.0,"enemies":"Gremlin Nob","floor":7.0,"turns":4.0},{"damage":0.0,"enemies":"Looter","floor":8.0,"turns":3.0},{"damage":9.0,"enemies":"Lots of Slimes","floor":10.0,"turns":2.0},{"damage":6.0,"enemies":"Lagavulin","floor":12.0,"turns":6.0},{"damage":3.0,"enemies":"Red Slaver","floor":13.0,"turns":4.0},{"damage":7.0,"enemies":"3 Louse","floor":14.0,"turns":3.0},{"damage":34,"enemies":"Hexaghost","floor":16,"turns":11},{"damage":6,"enemies":"Shell Parasite","floor":18,"turns":5},{"damage":14,"enemies":"3 Byrds","floor":20,"turns":5},{"damage":10,"enemies":"Sentry and Sphere","floor":21,"turns":5},{"damage":14,"enemies":"Book of Stabbing","floor":24,"turns":4},{"damage":4,"enemies":"3 Cultists","floor":25,"turns":4},{"damage":2,"enemies":"Snake Plant","floor":30,"turns":5},{"damage":40,"enemies":"Slavers","floor":31,"turns":6},{"damage":8,"enemies":"Champ","floor":33,"turns":9},{"damage":12,"enemies":"3 Shapes","floor":35,"turns":6},{"damage":25,"enemies":"3 Darklings","floor":38,"turns":5},{"damage":13,"enemies":"Spire Growth","floor":39,"turns":5},{"damage":28,"enemies":"Reptomancer","floor":40,"turns":8},{"damage":11,"enemies":"Giant Head","floor":41,"turns":5},{"damage":7,"enemies":"Reptomancer","floor":42,"turns":5},{"damage":9,"enemies":"Giant Head","floor":45,"turns":6},{"damage":1,"enemies":"4 Shapes","floor":47,"turns":4},{"damage":33,"enemies":"Transient","floor":48,"turns":5},{"damage":59,"enemies":"Awakened One","floor":50,"turns":10}],"seed_played":"-7887423938588824578","potions_obtained":[{"floor":3.0,"key":"PowerPotion"},{"floor":5.0,"key":"AttackPotion"},{"floor":7.0,"key":"EssenceOfSteel"},{"floor":12.0,"key":"Weak Potion"},{"floor":16,"key":"Block Potion"},{"floor":20,"key":"EntropicBrew"},{"floor":25,"key":"SteroidPotion"},{"floor":31,"key":"GamblersBrew"}],"is_trial":false,"path_per_floor":["M","M","M","?","?","R","E","M","T","M","R","E","M","M","R","B",null,"M","?","M","M","$","R","E","M","T","R","$","?","M","E","R","B",null,"M","?","?","M","M","E","E","E","T","T","E","$","M","M","R","B",null],"character_chosen":"IRONCLAD","basemod:card_modifiers":[null,null,null,null,null,null,null,null,null,null,null,null,null,null,null,null,null,null,null,null,null,null,null,null,null,null,null,null,null,null,null],"items_purchased":["SteroidPotion","Master of Strategy","Shrug It Off","Lantern","Swift Potion"],"campfire_rested":0,"item_purchase_floors":[22,46,46,46,46],"current_hp_per_floor":[61,63,68,68,68,68,44,50,50,49,49,51,56,57,57,31,64,70,70,68,70,70,70,68,76,83,83,83,83,93,65,65,69,103,116,116,116,103,114,98,133,133,133,133,134,134,152,125,125,78],"gold":62,"neow_bonus":"THREE_RARE_CARDS","is_prod":false,"is_daily":false,"chose_seed":false,"campfire_upgraded":7,"win_rate":0,"timestamp":1680980942,"path_taken":["M","M","M","?","?","R","E","M","T","M","R","E","?","M","R","BOSS","M","?","M","?","$","R","E","M","T","R","?","?","?","E","R","BOSS","M","?","?","M","?","E","E","E","T","?","E","$","M","M","R","BOSS"],"build_version":"2022-12-18","purchased_purges":3,"victory":true,"max_hp_per_floor":[75,75,75,75,75,75,75,75,75,75,75,75,75,75,75,75,75,79,79,83,87,87,87,91,95,102,102,102,102,106,110,110,114,114,121,121,121,125,125,129,133,133,133,133,137,137,152,152,152,156],"relic_stats":{"counters":[28,146],"PreservedInsect":0,"Omamori":0,"Orichalcum":[150],"Ancient Tea Set":[4],"Burning Blood":157,"Blood Vial":40,"Mummified Hand":[144],"Ornamental Fan":[44],"Pandora\u0027s Box":["Impervious","Berserk","Feed","Power Through","Corruption","Warcry"],"WingedGreaves":3,"Art of War":[1],"obtain_stats":[{"Lantern":46,"Oddly Smooth Stone":24,"PreservedInsect":45,"Omamori":42,"Orichalcum":12,"Ancient Tea Set":31,"Burning Blood":0,"Old Coin":29,"Blood Vial":9,"CaptainsWheel":41,"Mummified Hand":7,"Ornamental Fan":44,"Strawberry":26,"Pandora\u0027s Box":34,"WingedGreaves":40,"Art of War":43,"Runic Pyramid":17},{"Lantern":25,"Oddly Smooth Stone":14,"PreservedInsect":25,"Omamori":24,"Orichalcum":7,"Ancient Tea Set":17,"Burning Blood":0,"Old Coin":15,"Blood Vial":5,"CaptainsWheel":23,"Mummified Hand":4,"Ornamental Fan":24,"Strawberry":15,"Pandora\u0027s Box":18,"WingedGreaves":22,"Art of War":24,"Runic Pyramid":10},{"Lantern":127,"Oddly Smooth Stone":63,"PreservedInsect":127,"Omamori":121,"Orichalcum":26,"Ancient Tea Set":78,"Burning Blood":0,"Old Coin":67,"Blood Vial":18,"CaptainsWheel":116,"Mummified Hand":15,"Ornamental Fan":121,"Strawberry":67,"Pandora\u0027s Box":87,"WingedGreaves":111,"Art of War":121,"Runic Pyramid":44}]},"card_choices":[{"not_picked":["Brutality","Barricade"],"picked":"Corruption","floor":0.0},{"not_picked":["Headbutt","Wild Strike"],"picked":"Clothesline","floor":1.0},{"not_picked":["Corruption","Thunderclap","Searing Blow"],"picked":"SKIP","floor":2.0},{"not_picked":["Disarm","Pommel Strike"],"picked":"Combust","floor":3.0},{"not_picked":["Rampage","Wild Strike"],"picked":"Armaments","floor":7.0},{"not_picked":["Ghostly Armor","Twin Strike"],"picked":"Shrug It Off","floor":8.0},{"not_picked":["Dropkick","Perfected Strike"],"picked":"Disarm","floor":10.0},{"not_picked":["Iron Wave","True Grit"],"picked":"Dark Embrace","floor":12.0},{"not_picked":["Uppercut","Entrench"],"picked":"Anger","floor":13.0},{"not_picked":["Dropkick","Pommel Strike"],"picked":"Feed","floor":14.0},{"not_picked":["Bludgeon","Feed"],"picked":"Demon Form","floor":16},{"not_picked":["Wild Strike","Pommel Strike"],"picked":"Shrug It Off","floor":18},{"not_picked":["Wild Strike","True Grit"],"picked":"Pommel Strike+1","floor":20},{"not_picked":["Power Through","Body Slam"],"picked":"Pummel+1","floor":21},{"not_picked":["Blood for Blood","Carnage"],"picked":"Burning Pact","floor":24},{"not_picked":["True Grit","Hemokinesis"],"picked":"Inflame","floor":25},{"not_picked":["Battle Trance","Warcry"],"picked":"Feel No Pain","floor":30},{"not_picked":["Carnage","Power Through"],"picked":"Twin Strike+1","floor":31},{"not_picked":["Corruption","Limit Break"],"picked":"Reaper","floor":33},{"not_picked":["Rupture","Entrench"],"picked":"Sword Boomerang","floor":35},{"not_picked":["Pommel Strike+1","Twin Strike+1"],"picked":"True Grit+1","floor":38},{"not_picked":["Evolve","Ghostly Armor"],"picked":"Flame Barrier+1","floor":39},{"not_picked":["Reckless Charge+1","Rupture","Thunderclap+1"],"picked":"SKIP","floor":40},{"not_picked":["Headbutt","Rupture+1","Rage"],"picked":"SKIP","floor":41},{"not_picked":["Demon Form","Pommel Strike"],"picked":"Dual Wield+1","floor":42},{"not_picked":["Headbutt","Perfected Strike","Power Through"],"picked":"SKIP","floor":45},{"not_picked":["Rupture","Warcry"],"picked":"Sword Boomerang+1","floor":47},{"not_picked":["Clothesline","Ghostly Armor+1","Wild Strike"],"picked":"SKIP","floor":48}],"player_experience":5548951,"relics_obtained":[{"floor":7.0,"key":"Mummified Hand"},{"floor":9.0,"key":"Blood Vial"},{"floor":12.0,"key":"Orichalcum"},{"floor":24,"key":"Oddly Smooth Stone"},{"floor":26,"key":"Strawberry"},{"floor":31,"key":"Ancient Tea Set"},{"floor":40,"key":"WingedGreaves"},{"floor":41,"key":"CaptainsWheel"},{"floor":42,"key":"Omamori"},{"floor":43,"key":"Art of War"},{"floor":44,"key":"Ornamental Fan"},{"floor":45,"key":"PreservedInsect"}],"event_choices":[{"damage_healed":0.0,"max_hp_gain":0.0,"max_hp_loss":0.0,"gold_gain":0.0,"event_name":"Living Wall","player_choice":"Grow","floor":4.0,"gold_loss":0.0,"damage_taken":0.0,"cards_upgraded":["Combust"]},{"damage_healed":0.0,"max_hp_gain":0.0,"max_hp_loss":0.0,"gold_gain":0.0,"event_name":"Lab","player_choice":"Got Potions","floor":5.0,"gold_loss":0.0,"damage_taken":0.0},{"cards_removed":["Strike_R"],"damage_healed":0,"gold_gain":0,"player_choice":"Upgrade and Remove","damage_taken":0,"max_hp_gain":0,"max_hp_loss":0,"event_name":"Designer","floor":19,"gold_loss":110,"cards_upgraded":["Demon Form"]},{"damage_healed":0,"gold_gain":0,"player_choice":"Obtained Relic","damage_taken":0,"relics_obtained":["Old Coin"],"max_hp_gain":0,"max_hp_loss":0,"event_name":"Addict","floor":29,"gold_loss":85},{"damage_healed":0,"gold_gain":0,"player_choice":"Ignored","damage_taken":0,"max_hp_gain":0,"max_hp_loss":0,"event_name":"Tomb of Lord Red Mask","floor":36,"gold_loss":0},{"cards_removed":["Corruption"],"damage_healed":0,"gold_gain":0,"player_choice":"Card Removal","damage_taken":0,"max_hp_gain":0,"max_hp_loss":0,"event_name":"Wheel of Change","floor":37,"gold_loss":0}],"is_beta":false,"boss_relics":[{"not_picked":["Coffee Dripper","Velvet Choker"],"picked":"Runic Pyramid"},{"not_picked":["Runic Dome","Black Blood"],"picked":"Pandora\u0027s Box"}],"items_purged_floors":[22,28,46],"is_endless":false,"potions_floor_spawned":[3,7,12,14,16,20,25,31,38,39,41],"ascension_level":15}