{"gold_per_floor":[119,21,40,90,108,108,134,34,34,54,88,88,106,117,117,192,192,208,221,221,92,21,56,67,100,181,12,38,38,48,75,75,152,152,171,184,31,45,45,45,77,77,124,158,175,175,185,200,200,200],"floor_reached":51,"playtime":2875,"items_purged":["Regret","Strike_R","Strike_R"],"score":1476,"play_id":"d479ec5f-8ba3-4a83-91e8-3405950631ad","local_time":"20230403232632","is_ascension_mode":true,"campfire_choices":[{"data":"Bash","floor":6.0,"key":"SMITH"},{"data":"Fire Breathing","floor":12.0,"key":"SMITH"},{"data":"Double Tap","floor":15.0,"key":"SMITH"},{"floor":29.0,"key":"REST"},{"data":"Rupture","floor":32.0,"key":"SMITH"},{"data":"Corruption","floor":40,"key":"SMITH"},{"data":"Feel No Pain","floor":42,"key":"SMITH"},{"data":"Burning Pact","floor":46,"key":"SMITH"},{"data":"Dark Embrace","floor":49,"key":"SMITH"}],"neow_cost":"CURSE","seed_source_timestamp":15503174400700,"circlet_count":0,"master_deck":["AscendersBane","Defend_R","Defend_R","Defend_R","Defend_R","Bash+1","Pommel Strike","Headbutt","Fire Breathing+1","Iron Wave","Clothesline","Cleave","Double Tap+1","Burning Pact+1","Reaper","Havoc+1","Twin Strike+1","Brutality+1","Thunderclap+1","Dropkick+1","Corruption+1","Rupture+1","Ghostly Armor+1","Metallicize+1","Shrug It Off","Dark Embrace+1","Pummel+1","Exhume","Sword Boomerang+1","Feel No Pain+1","Pain","Anger+1","Entrench+1"],"special_seed":0,"relics":["Burning Blood","CaptainsWheel","Akabeko","Ornamental Fan","Shuriken","Astrolabe","The Courier","Peace Pipe","TungstenRod","Eternal Feather","Mercury Hourglass","Molten Egg 2","Black Star","Happy Flower","WarpedTongs","Toxic Egg 2","Sundial","Anchor","Self Forming Clay","Dead Branch"],"potions_floor_usage":[41,41,48,50],"damage_taken":[{"damage":6.0,"enemies":"Cultist","floor":1.0,"turns":4.0},{"damage":9.0,"enemies":"Jaw Worm","floor":3.0,"turns":3.0},{"damage":0.0,"enemies":"Small Slimes","floor":5.0,"turns":4.0},{"damage":8.0,"enemies":"Gremlin Nob","floor":7.0,"turns":4.0},{"damage":8.0,"enemies":"Red Slaver","floor":10.0,"turns":3.0},{"damage":15.0,"enemies":"3 Sentries","floor":11.0,"turns":5.0},{"damage":12.0,"enemies":"Exordium Thugs","floor":13.0,"turns":4.0},{"damage":17.0,"enemies":"Blue Slaver","floor":14.0,"turns":3.0},{"damage":44.0,"enemies":"Hexaghost","floor":16.0,"turns":11.0},{"damage":4.0,"enemies":"Spheric Guardian","floor":18.0,"turns":3.0},{"damage":19.0,"enemies":"Shell Parasite","floor":19.0,"turns":3.0},{"damage":12.0,"enemies":"Gremlin Leader","floor":23.0,"turns":5.0},{"damage":36.0,"enemies":"Snake Plant","floor":24.0,"turns":4.0},{"damage":54.0,"enemies":"Slavers","floor":25.0,"turns":5.0},{"damage":23.0,"enemies":"Book of Stabbing","floor":28.0,"turns":6.0},{"damage":17.0,"enemies":"Cultist and Chosen","floor":30.0,"turns":5.0},{"damage":40.0,"enemies":"Slavers","floor":31.0,"turns":4.0},{"damage":78.0,"enemies":"Collector","floor":33.0,"turns":13.0},{"damage":15.0,"enemies":"3 Shapes","floor":35.0,"turns":4.0},{"damage":27.0,"enemies":"3 Darklings","floor":36.0,"turns":7.0},{"damage":24,"enemies":"4 Shapes","floor":38,"turns":8},{"damage":0,"enemies":"Giant Head","floor":41,"turns":7},{"damage":42,"enemies":"Nemesis","floor":44,"turns":9},{"damage":0,"enemies":"Maw","floor":45,"turns":6},{"damage":5,"enemies":"Sphere and 2 Shapes","floor":47,"turns":6},{"damage":39,"enemies":"Writhing Mass","floor":48,"turns":8},{"damage":27,"enemies":"Donu and Deca","floor":50,"turns":6}],"seed_played":"-8097101479432333212","potions_obtained":[{"floor":1.0,"key":"ElixirPotion"},{"floor":11.0,"key":"Explosive Potion"},{"floor":13.0,"key":"SpeedPotion"},{"floor":14.0,"key":"EntropicBrew"},{"floor":16.0,"key":"AttackPotion"},{"floor":23.0,"key":"CultistPotion"},{"floor":24.0,"key":"PowerPotion"},{"floor":25.0,"key":"Dexterity Potion"},{"floor":36.0,"key":"Energy Potion"},{"floor":38,"key":"SteroidPotion"},{"floor":41,"key":"ElixirPotion"},{"floor":44,"key":"BlessingOfTheForge"}],"is_trial":false,"path_per_floor":["M","$","M","?","M","R","E","$","T","M","E","R","M","M","R","B",null,"M","M","?","$","?","E","M","E","T","$","E","R","M","E","R","B",null,"M","M","$","M","?","R","E","R","T","E","M","R","M","M","R","B",null],"character_chosen":"IRONCLAD","basemod:card_modifiers":[null,null,null,null,null,null,null,null,null,null,null,null,null,null,null,null,null,null,null,null,null,null,null,null,null,null,null,null,null,null,null,null,null],"items_purchased":["Headbutt","Fire Potion","Corruption","Shrug It Off","Dark Embrace","Feel No Pain","Happy Flower"],"campfire_rested":1,"item_purchase_floors":[2,21,21,27,27,37,37],"current_hp_per_floor":[68,68,65,58,64,64,62,62,62,60,51,51,45,34,34,11,59,64,51,30,30,30,52,37,25,25,25,20,59,51,46,61,13,63,54,65,65,63,63,80,80,80,80,48,54,72,80,50,68,63],"gold":200,"neow_bonus":"ONE_RARE_RELIC","is_prod":false,"is_daily":false,"chose_seed":false,"campfire_upgraded":8,"win_rate":0,"timestamp":1680589592,"path_taken":["M","$","M","?","M","R","E","$","T","M","E","R","?","?","R","BOSS","M","M","?","$","?","E","?","E","T","$","E","R","M","E","R","BOSS","M","?","$","?","?","R","E","R","T","E","M","R","M","M","R","BOSS"],"build_version":"2022-12-18","purchased_purges":3,"victory":true,"max_hp_per_floor":[75,75,75,75,75,75,75,75,75,75,75,75,75,75,75,75,75,75,75,80,80,80,80,80,80,80,80,80,80,80,80,80,80,80,80,80,80,80,80,80,80,80,80,80,80,80,80,80,80,80],"relic_stats":{"Happy Flower":[16],"counters":[27,148],"Self Forming Clay":[21],"Astrolabe":["Havoc","Twin Strike","Brutality"],"Dead Branch":[90],"Eternal Feather":83,"The Courier":80,"Burning Blood":155,"Mercury Hourglass":[394],"WarpedTongs":[38],"Peace Pipe":0,"Ornamental Fan":[148],"Shuriken":[37],"Sundial":[4],"Black Star":2,"obtain_stats":[{"Happy Flower":37,"Self Forming Clay":44,"Astrolabe":17,"Dead Branch":44,"Eternal Feather":26,"The Courier":22,"Burning Blood":0,"Akabeko":7,"Mercury Hourglass":28,"WarpedTongs":39,"Peace Pipe":23,"CaptainsWheel":0,"Anchor":43,"Ornamental Fan":9,"Shuriken":11,"Sundial":41,"Molten Egg 2":31,"Black Star":34,"Toxic Egg 2":41,"TungstenRod":25},{"Happy Flower":20,"Self Forming Clay":23,"Astrolabe":9,"Dead Branch":23,"Eternal Feather":14,"The Courier":11,"Burning Blood":0,"Akabeko":4,"Mercury Hourglass":15,"WarpedTongs":21,"Peace Pipe":12,"CaptainsWheel":0,"Anchor":22,"Ornamental Fan":4,"Shuriken":6,"Sundial":22,"Molten Egg 2":17,"Black Star":18,"Toxic Egg 2":22,"TungstenRod":14},{"Happy Flower":100,"Self Forming Clay":122,"Astrolabe":41,"Dead Branch":122,"Eternal Feather":61,"The Courier":47,"Burning Blood":0,"Akabeko":15,"Mercury Hourglass":67,"WarpedTongs":107,"Peace Pipe":52,"CaptainsWheel":0,"Anchor":114,"Ornamental Fan":15,"Shuriken":23,"Sundial":114,"Molten Egg 2":76,"Black Star":89,"Toxic Egg 2":114,"TungstenRod":61}],"TungstenRod":158},"card_choices":[{"not_picked":["Heavy Blade","Warcry"],"picked":"Pommel Strike","floor":1.0},{"not_picked":["Warcry","Infernal Blade"],"picked":"Fire Breathing","floor":3.0},{"not_picked":["Headbutt","Thunderclap"],"picked":"Iron Wave","floor":5.0},{"not_picked":["Body Slam","Exhume"],"picked":"Clothesline","floor":7.0},{"not_picked":["Infernal Blade","Havoc","Perfected Strike"],"picked":"SKIP","floor":10.0},{"not_picked":["Wild Strike","Pommel Strike"],"picked":"Cleave","floor":11.0},{"not_picked":["Bloodletting","Sever Soul"],"picked":"Double Tap","floor":13.0},{"not_picked":["Perfected Strike","Shockwave"],"picked":"Burning Pact","floor":14.0},{"not_picked":["Juggernaut","Brutality"],"picked":"Reaper","floor":16.0},{"not_picked":["Rampage","Clash"],"picked":"Thunderclap+1","floor":18.0},{"not_picked":["Flex","Seeing Red"],"picked":"Dropkick+1","floor":19.0},{"not_picked":["Second Wind+1","Fiend Fire"],"picked":"Rupture","floor":23.0},{"not_picked":["Clothesline","Rupture+1"],"picked":"Ghostly Armor+1","floor":24.0},{"not_picked":["Cleave","Iron Wave"],"picked":"Metallicize+1","floor":25.0},{"not_picked":["True Grit","Metallicize","Havoc"],"picked":"SKIP","floor":28.0},{"not_picked":["Perfected Strike","Pommel Strike","Armaments"],"picked":"SKIP","floor":30.0},{"not_picked":["Juggernaut","Seeing Red"],"picked":"Pummel+1","floor":31.0},{"not_picked":["Corruption","Bludgeon+1"],"picked":"Exhume","floor":33.0},{"not_picked":["Rupture","Perfected Strike+1","Sever Soul+1"],"picked":"SKIP","floor":35.0},{"not_picked":["Perfected Strike+1","Iron Wave+1"],"picked":"Sword Boomerang+1","floor":36.0},{"not_picked":["Combust","Iron Wave+1","Havoc"],"picked":"SKIP","floor":38},{"not_picked":["Burning Pact+1","Uppercut+1"],"picked":"Anger+1","floor":41},{"not_picked":["Brutality","Dark Embrace","Twin Strike+1"],"picked":"SKIP","floor":44},{"not_picked":["Evolve","Wild Strike+1"],"picked":"Entrench+1","floor":45},{"not_picked":["Thunderclap+1","Carnage+1","Hemokinesis+1"],"picked":"SKIP","floor":47},{"not_picked":["Fire Breathing","Hemokinesis+1","Cleave+1"],"picked":"SKIP","floor":48}],"player_experience":5532204,"relics_obtained":[{"floor":7.0,"key":"Akabeko"},{"floor":9.0,"key":"Ornamental Fan"},{"floor":11.0,"key":"Shuriken"},{"floor":23.0,"key":"Peace Pipe"},{"floor":25.0,"key":"TungstenRod"},{"floor":26.0,"key":"Eternal Feather"},{"floor":28.0,"key":"Mercury Hourglass"},{"floor":31.0,"key":"Molten Egg 2"},{"floor":41,"key":"Toxic Egg 2"},{"floor":41,"key":"Sundial"},{"floor":43,"key":"Anchor"},{"floor":44,"key":"Self Forming Clay"},{"floor":44,"key":"Dead Branch"}],"event_choices":[{"damage_healed":0.0,"max_hp_gain":0.0,"max_hp_loss":0.0,"gold_gain":50.0,"event_name":"FaceTrader","player_choice":"Touch","floor":4.0,"gold_loss":0.0,"damage_taken":7.0},{"damage_healed":0.0,"max_hp_gain":5.0,"max_hp_loss":0.0,"gold_gain":0.0,"event_name":"Forgotten Altar","player_choice":"Shed Blood","floor":20.0,"gold_loss":0.0,"damage_taken":26.0},{"damage_healed":0.0,"max_hp_gain":0.0,"max_hp_loss":0.0,"gold_gain":0.0,"event_name":"WeMeetAgain","player_choice":"Paid Gold","floor":22.0,"gold_loss":71.0,"damage_taken":0.0,"relics_obtained":["The Courier"]},{"damage_healed":0,"gold_gain":0,"player_choice":"Rummage","damage_taken":0,"relics_obtained":["WarpedTongs"],"max_hp_gain":0,"max_hp_loss":0,"event_name":"Accursed Blacksmith","floor":39,"gold_loss":0,"cards_obtained":["Pain"]}],"is_beta":false,"boss_relics":[{"not_picked":["Philosopher\u0027s Stone","Calling Bell"],"picked":"Astrolabe"},{"not_picked":["Busted Crown","Cursed Key"],"picked":"Black Star"}],"items_purged_floors":[2,8,27],"is_endless":false,"potions_floor_spawned":[1,11,13,14,16,23,24,25,28,31,36,38,41,44],"ascension_level":15}