{"gold_per_floor":[113,113,38,38,57,57,101,26,96,111,130,130,173,173,173,272,272,288,309,279,297,321,321,364,382,405,425,425,469,495,535,535,628,628,642,642,642,663,679,679,445,445,445,11,30,64,82,141,141,141],"floor_reached":51,"playtime":1782,"items_purged":["Strike_R"],"score":1275,"play_id":"6a4209b5-02b4-4e4a-9fa8-ad53e9f6b2cd","local_time":"20230407203711","is_ascension_mode":true,"campfire_choices":[{"data":"Hemokinesis","floor":6.0,"key":"SMITH"},{"data":"Bash","floor":12.0,"key":"SMITH"},{"data":"Battle Trance","floor":15.0,"key":"SMITH"},{"data":"Pommel Strike","floor":23.0,"key":"SMITH"},{"data":"Demon Form","floor":28.0,"key":"SMITH"},{"data":"Corruption","floor":32.0,"key":"SMITH"},{"data":"Rage","floor":40.0,"key":"SMITH"},{"data":"Metallicize","floor":42.0,"key":"SMITH"},{"data":"Shockwave","floor":49.0,"key":"SMITH"}],"neow_cost":"NONE","seed_source_timestamp":8627145486800,"circlet_count":0,"master_deck":["AscendersBane","Defend_R","Defend_R","Defend_R","Defend_R+1","Bash+1","Hemokinesis+1","Twin Strike","Cleave","Twin Strike","Battle Trance+1","Demon Form+1","Pommel Strike+1","True Grit+1","Shrug It Off+1","Burning Pact+1","Pommel Strike+1","Twin Strike","Corruption+1","Flame Barrier","Offering","Burning Pact+1","Warcry+1","Armaments+1","Rage+1","Flex+1","Spot Weakness","Metallicize+1","Shockwave+1","Dark Embrace","Metallicize+1","Shrug It Off"],"special_seed":0,"relics":["Burning Blood","NeowsBlessing","Golden Idol","Ancient Tea Set","StrikeDummy","Bag of Preparation","Coffee Dripper","Red Mask","War Paint","Potion Belt","Bronze Scales","Molten Egg 2","Astrolabe","Anchor","Shuriken","FossilizedHelix","Letter Opener","Gambling Chip"],"potions_floor_usage":[50,50,50,50],"damage_taken":[{"damage":0.0,"enemies":"Jaw Worm","floor":1.0,"turns":1.0},{"damage":0.0,"enemies":"Small Slimes","floor":5.0,"turns":1.0},{"damage":0.0,"enemies":"3 Sentries","floor":7.0,"turns":1.0},{"damage":0.0,"enemies":"2 Louse","floor":10.0,"turns":3.0},{"damage":8.0,"enemies":"Looter","floor":11.0,"turns":2.0},{"damage":14.0,"enemies":"Lagavulin","floor":13.0,"turns":4.0},{"damage":13.0,"enemies":"Slime Boss","floor":16.0,"turns":7.0},{"damage":14.0,"enemies":"2 Thieves","floor":18.0,"turns":3.0},{"damage":1.0,"enemies":"Spheric Guardian","floor":19.0,"turns":3.0},{"damage":11.0,"enemies":"Snecko","floor":21.0,"turns":4.0},{"damage":17.0,"enemies":"Snake Plant","floor":22.0,"turns":3.0},{"damage":0.0,"enemies":"Masked Bandits","floor":24.0,"turns":3.0},{"damage":3.0,"enemies":"Centurion and Healer","floor":25.0,"turns":3.0},{"damage":3.0,"enemies":"3 Cultists","floor":27.0,"turns":4.0},{"damage":25.0,"enemies":"Book of Stabbing","floor":29.0,"turns":4.0},{"damage":26.0,"enemies":"Slavers","floor":31.0,"turns":4.0},{"damage":8.0,"enemies":"Champ","floor":33.0,"turns":7.0},{"damage":2.0,"enemies":"3 Shapes","floor":35.0,"turns":3.0},{"damage":0.0,"enemies":"3 Darklings","floor":38.0,"turns":4.0},{"damage":8.0,"enemies":"Spire Growth","floor":39.0,"turns":4.0},{"damage":2.0,"enemies":"Writhing Mass","floor":45.0,"turns":5.0},{"damage":2.0,"enemies":"Giant Head","floor":46.0,"turns":7.0},{"damage":9.0,"enemies":"Sphere and 2 Shapes","floor":47.0,"turns":5.0},{"damage":6.0,"enemies":"2 Orb Walkers","floor":48.0,"turns":3.0},{"damage":31,"enemies":"Time Eater","floor":50,"turns":9}],"seed_played":"-7337806586338374446","potions_obtained":[{"floor":5.0,"key":"SmokeBomb"},{"floor":20.0,"key":"DistilledChaos"},{"floor":20.0,"key":"Dexterity Potion"},{"floor":24.0,"key":"SteroidPotion"},{"floor":27.0,"key":"Weak Potion"},{"floor":31.0,"key":"Ancient Potion"},{"floor":33.0,"key":"SteroidPotion"},{"floor":35.0,"key":"Ancient Potion"},{"floor":39.0,"key":"SkillPotion"}],"is_trial":false,"path_per_floor":["M","?","?","$","M","R","E","$","T","M","M","R","E","?","R","B",null,"M","M","?","M","M","R","?","M","T","M","R","E","T","E","R","B",null,"M","?","?","M","M","R","$","R","T","$","M","E","M","?","R","B",null],"character_chosen":"IRONCLAD","basemod:card_modifiers":[null,null,null,null,null,null,null,null,null,null,null,null,null,null,null,null,null,null,null,null,null,null,null,null,null,null,null,null,null,null,null,null],"items_purchased":["Anchor","Metallicize","Shockwave","Dark Embrace","FossilizedHelix"],"campfire_rested":0,"item_purchase_floors":[41,41,44,44,44],"current_hp_per_floor":[74,48,48,48,54,54,60,60,60,66,64,64,56,61,61,54,74,66,71,71,66,55,55,61,64,64,67,67,48,48,28,28,26,67,71,71,71,77,75,75,75,75,75,75,79,80,77,77,77,52],"gold":141,"neow_bonus":"THREE_ENEMY_KILL","is_prod":false,"is_daily":false,"chose_seed":false,"campfire_upgraded":9,"win_rate":0,"timestamp":1680925031,"path_taken":["M","?","?","$","M","R","E","?","T","M","M","R","E","?","R","BOSS","M","M","?","?","M","R","?","M","T","M","R","E","?","E","R","BOSS","M","?","?","M","M","R","$","R","T","$","M","E","?","?","R","BOSS"],"build_version":"2022-12-18","purchased_purges":1,"victory":true,"max_hp_per_floor":[75,75,75,75,75,75,75,75,75,75,75,75,75,80,80,80,80,80,80,80,80,80,80,80,80,80,80,80,80,80,80,80,80,80,80,80,80,80,80,80,80,80,80,80,80,80,80,80,80,80],"relic_stats":{"counters":[25,97],"Golden Idol":174,"Astrolabe":["Burning Pact","Warcry","Armaments"],"Bag of Preparation":[38],"Letter Opener":[80],"War Paint":["Shrug It Off","Defend_R"],"Ancient Tea Set":[14],"Burning Blood":147,"Shuriken":[2],"Bronze Scales":[144],"Gambling Chip":[4],"obtain_stats":[{"Potion Belt":29,"NeowsBlessing":0,"Golden Idol":2,"Astrolabe":34,"Bag of Preparation":13,"Letter Opener":46,"War Paint":26,"Ancient Tea Set":7,"Burning Blood":0,"Anchor":41,"Shuriken":43,"Bronze Scales":30,"Gambling Chip":48,"Molten Egg 2":31,"Coffee Dripper":17,"Red Mask":24,"StrikeDummy":9,"FossilizedHelix":44},{"Potion Belt":15,"NeowsBlessing":0,"Golden Idol":1,"Astrolabe":17,"Bag of Preparation":6,"Letter Opener":22,"War Paint":13,"Ancient Tea Set":3,"Burning Blood":0,"Anchor":20,"Shuriken":20,"Bronze Scales":15,"Gambling Chip":24,"Molten Egg 2":16,"Coffee Dripper":7,"Red Mask":12,"StrikeDummy":3,"FossilizedHelix":20},{"Potion Belt":46,"NeowsBlessing":0,"Golden Idol":1,"Astrolabe":57,"Bag of Preparation":12,"Letter Opener":80,"War Paint":38,"Ancient Tea Set":3,"Burning Blood":0,"Anchor":68,"Shuriken":68,"Bronze Scales":46,"Gambling Chip":88,"Molten Egg 2":50,"Coffee Dripper":19,"Red Mask":35,"StrikeDummy":3,"FossilizedHelix":68}],"FossilizedHelix":[33]},"card_choices":[{"not_picked":["Armaments","Warcry"],"picked":"Thunderclap","floor":1.0},{"not_picked":["Searing Blow","Flame Barrier"],"picked":"Hemokinesis","floor":5.0},{"not_picked":["Shrug It Off","True Grit"],"picked":"Twin Strike","floor":7.0},{"not_picked":["Berserk","Bloodletting"],"picked":"Cleave","floor":10.0},{"not_picked":["Burning Pact","Disarm"],"picked":"Twin Strike","floor":11.0},{"not_picked":["Flame Barrier","Warcry"],"picked":"Battle Trance","floor":13.0},{"not_picked":["Exhume","Impervious"],"picked":"Demon Form","floor":16.0},{"not_picked":["Wild Strike","Pummel"],"picked":"Pommel Strike","floor":18.0},{"not_picked":["Shrug It Off","Seeing Red"],"picked":"True Grit+1","floor":19.0},{"not_picked":["Sword Boomerang","Heavy Blade"],"picked":"Shrug It Off","floor":21.0},{"not_picked":["Iron Wave","Thunderclap","Heavy Blade"],"picked":"SKIP","floor":22.0},{"not_picked":["Immolate","Anger"],"picked":"Burning Pact+1","floor":24.0},{"not_picked":["Clothesline+1","Disarm"],"picked":"Pommel Strike+1","floor":25.0},{"not_picked":["True Grit","Shrug It Off"],"picked":"Twin Strike","floor":27.0},{"not_picked":["Searing Blow","Whirlwind"],"picked":"Corruption","floor":29.0},{"not_picked":["Headbutt+1","Thunderclap+1"],"picked":"Flame Barrier","floor":31.0},{"not_picked":["Limit Break","Corruption"],"picked":"Offering","floor":33.0},{"not_picked":["Whirlwind+1","Dropkick+1"],"picked":"Rage","floor":35.0},{"not_picked":["Dual Wield","Clash+1"],"picked":"Flex+1","floor":38.0},{"not_picked":["Seeing Red","Anger+1"],"picked":"Spot Weakness","floor":39.0},{"not_picked":["Havoc","Armaments"],"picked":"Metallicize+1","floor":45.0},{"not_picked":["Spot Weakness","Headbutt+1","Immolate+1"],"picked":"SKIP","floor":46.0},{"not_picked":["Armaments","Battle Trance"],"picked":"Shrug It Off","floor":47.0}],"player_experience":5544681,"relics_obtained":[{"floor":7.0,"key":"Ancient Tea Set"},{"floor":9.0,"key":"StrikeDummy"},{"floor":13.0,"key":"Bag of Preparation"},{"floor":24.0,"key":"Red Mask"},{"floor":26.0,"key":"War Paint"},{"floor":29.0,"key":"Potion Belt"},{"floor":30.0,"key":"Bronze Scales"},{"floor":31.0,"key":"Molten Egg 2"},{"floor":43.0,"key":"Shuriken"},{"floor":46.0,"key":"Letter Opener"},{"floor":48.0,"key":"Gambling Chip"}],"event_choices":[{"damage_healed":0.0,"max_hp_gain":0.0,"max_hp_loss":0.0,"gold_gain":0.0,"event_name":"Golden Idol","player_choice":"Take Damage","floor":2.0,"gold_loss":0.0,"damage_taken":26.0,"relics_obtained":["Golden Idol"]},{"cards_removed":["Strike_R"],"damage_healed":0.0,"max_hp_gain":0.0,"max_hp_loss":0.0,"gold_gain":0.0,"event_name":"The Cleric","player_choice":"Card Removal","floor":3.0,"gold_loss":75.0,"damage_taken":0.0},{"damage_healed":0.0,"max_hp_gain":5.0,"max_hp_loss":0.0,"gold_gain":0.0,"event_name":"Big Fish","player_choice":"Donut","floor":14.0,"gold_loss":0.0,"damage_taken":0.0},{"damage_healed":0.0,"max_hp_gain":0.0,"max_hp_loss":0.0,"gold_gain":0.0,"event_name":"The Woman in Blue","player_choice":"Bought 2 Potions","floor":20.0,"gold_loss":0.0,"damage_taken":0.0},{"damage_healed":0.0,"max_hp_gain":0.0,"max_hp_loss":0.0,"gold_gain":0.0,"event_name":"Masked Bandits","player_choice":"Fought Bandits","floor":24.0,"gold_loss":0.0,"damage_taken":0.0},{"damage_healed":0.0,"max_hp_gain":0.0,"max_hp_loss":0.0,"gold_gain":0.0,"event_name":"SensoryStone","player_choice":"Memory 1","floor":36.0,"gold_loss":0.0,"damage_taken":0.0},{"cards_removed":["Thunderclap"],"damage_healed":0.0,"max_hp_gain":0.0,"max_hp_loss":0.0,"gold_gain":0.0,"event_name":"Purifier","player_choice":"Purged","floor":37.0,"gold_loss":0.0,"damage_taken":0.0},{"damage_healed":0.0,"max_hp_gain":0.0,"max_hp_loss":0.0,"gold_gain":0.0,"event_name":"Mysterious Sphere","player_choice":"Fight","floor":48.0,"gold_loss":0.0,"damage_taken":0.0}],"is_beta":false,"boss_relics":[{"not_picked":["Runic Dome","Runic Pyramid"],"picked":"Coffee Dripper"},{"not_picked":["Black Blood","Velvet Choker"],"picked":"Astrolabe"}],"items_purged_floors":[8],"is_endless":false,"potions_floor_spawned":[5,21,24,27,31,33,35,39,47],"ascension_level":15}