{"gold_per_floor":[369,57,57,73,97,97,137,137,137,161,177,177,202,220,220,314,314,334,334,359,57,117,117,17,80,107,170,184,230,271,312,312,312],"floor_reached":33,"playtime":1409,"items_purged":["Decay","Strike_R"],"score":513,"play_id":"0caa900a-438a-4644-b151-67261302ecca","local_time":"20230406200513","is_ascension_mode":true,"campfire_choices":[{"data":"Shockwave","floor":6.0,"key":"SMITH"},{"floor":8.0,"key":"REST"},{"floor":12.0,"key":"REST"},{"data":"Uppercut","floor":15.0,"key":"SMITH"},{"data":"HandOfGreed","floor":23.0,"key":"SMITH"},{"floor":32.0,"key":"REST"}],"neow_cost":"CURSE","seed_source_timestamp":43082109557600,"circlet_count":0,"master_deck":["AscendersBane","Strike_R","Strike_R","Strike_R","Strike_R","Defend_R","Defend_R","Defend_R","Defend_R","Bash","Iron Wave","Shockwave+1","Sword Boomerang","Anger","Uppercut+1","Headbutt","Twin Strike","Dark Embrace+1","Fire Breathing+1","Power Through","Combust+1","Immolate","Carnage+1","Rupture+1","Fiend Fire","Blood for Blood+1","Feel No Pain+1","HandOfGreed+1","Thunderclap+1","Feel No Pain+1","Armaments+1","Shrug It Off","True Grit+1"],"special_seed":0,"relics":["Burning Blood","Prayer Wheel","Golden Idol","Champion Belt","Frozen Egg 2","Snecko Eye","Juzu Bracelet","Boot","MealTicket"],"potions_floor_usage":[],"damage_taken":[{"damage":6.0,"enemies":"Cultist","floor":1.0,"turns":3.0},{"damage":11.0,"enemies":"Jaw Worm","floor":4.0,"turns":4.0},{"damage":4.0,"enemies":"2 Louse","floor":5.0,"turns":4.0},{"damage":33.0,"enemies":"3 Sentries","floor":7.0,"turns":10.0},{"damage":17.0,"enemies":"Lots of Slimes","floor":10.0,"turns":6.0},{"damage":22.0,"enemies":"Large Slime","floor":11.0,"turns":7.0},{"damage":5.0,"enemies":"Exordium Wildlife","floor":13.0,"turns":3.0},{"damage":6.0,"enemies":"Looter","floor":14.0,"turns":4.0},{"damage":21.0,"enemies":"Hexaghost","floor":16.0,"turns":9.0},{"damage":13.0,"enemies":"Spheric Guardian","floor":18.0,"turns":3.0},{"damage":13.0,"enemies":"Shell Parasite","floor":20.0,"turns":6.0},{"damage":0.0,"enemies":"Chosen and Byrds","floor":22.0,"turns":6.0},{"damage":6.0,"enemies":"Centurion and Healer","floor":25.0,"turns":5.0},{"damage":13.0,"enemies":"Slavers","floor":27.0,"turns":3.0},{"damage":20.0,"enemies":"Shelled Parasite and Fungi","floor":28.0,"turns":4.0},{"damage":11.0,"enemies":"Sentry and Sphere","floor":29.0,"turns":3.0},{"damage":18.0,"enemies":"Book of Stabbing","floor":30.0,"turns":6.0},{"damage":12.0,"enemies":"3 Cultists","floor":31.0,"turns":4.0},{"damage":30,"enemies":"Collector","floor":33,"turns":9}],"seed_played":"3487740138106938279","potions_obtained":[{"floor":1.0,"key":"BlessingOfTheForge"},{"floor":4.0,"key":"Energy Potion"},{"floor":10.0,"key":"Block Potion"},{"floor":14.0,"key":"Weak Potion"},{"floor":16.0,"key":"Swift Potion"},{"floor":20.0,"key":"Block Potion"},{"floor":22.0,"key":"Strength Potion"},{"floor":25.0,"key":"DuplicationPotion"},{"floor":27.0,"key":"ElixirPotion"}],"is_trial":false,"path_per_floor":["M","$","?","M","M","R","E","R","T","M","M","R","M","M","R","B",null,"M","?","M","$","M","R","$","M","T","E","M","M","E","M","R","B"],"character_chosen":"IRONCLAD","basemod:card_modifiers":[null,null,null,null,null,null,null,null,null,null,null,null,null,null,null,null,null,null,null,null,null,null,null,null,null,null,null,null,null,null,null,null,null],"items_purchased":["Prayer Wheel","Feel No Pain+1","HandOfGreed"],"campfire_rested":3,"item_purchase_floors":[2,21,21],"current_hp_per_floor":[68,68,42,37,39,39,12,34,34,23,7,29,30,30,30,15,60,53,53,46,46,52,52,52,52,52,45,31,26,14,8,30,0],"gold":312,"neow_bonus":"TWO_FIFTY_GOLD","is_prod":false,"is_daily":false,"chose_seed":false,"campfire_upgraded":3,"win_rate":0,"timestamp":1680836713,"path_taken":["M","$","?","M","M","R","E","R","T","M","M","R","M","M","R","BOSS","M","?","M","$","M","R","$","M","T","E","M","M","E","M","R","BOSS"],"build_version":"2022-12-18","purchased_purges":2,"victory":false,"max_hp_per_floor":[75,75,75,75,75,75,75,75,75,75,75,75,75,75,75,75,75,75,75,75,75,75,75,75,75,75,75,75,75,75,75,75,75],"relic_stats":{"counters":[19,99],"Golden Idol":94,"Snecko Eye":[83,75,91,93,-109],"Prayer Wheel":13,"MealTicket":0,"Juzu Bracelet":0,"Champion Belt":[38],"Boot":[4],"obtain_stats":[{"Golden Idol":3,"Snecko Eye":17,"Prayer Wheel":2,"MealTicket":30,"Juzu Bracelet":26,"Champion Belt":7,"Frozen Egg 2":9,"Boot":27,"Burning Blood":0},{"Golden Idol":1,"Snecko Eye":9,"Prayer Wheel":1,"MealTicket":17,"Juzu Bracelet":13,"Champion Belt":4,"Frozen Egg 2":4,"Boot":14,"Burning Blood":0},{"Golden Idol":3,"Snecko Eye":50,"Prayer Wheel":3,"MealTicket":86,"Juzu Bracelet":70,"Champion Belt":21,"Frozen Egg 2":21,"Boot":73,"Burning Blood":0}],"Burning Blood":108},"card_choices":[{"not_picked":["Perfected Strike","Heavy Blade"],"picked":"Iron Wave","floor":1.0},{"not_picked":["Flame Barrier","Flex"],"picked":"Shockwave","floor":4.0},{"not_picked":["Havoc","Seeing Red"],"picked":"Sword Boomerang","floor":4.0},{"not_picked":["Rage","Blood for Blood"],"picked":"Anger","floor":5.0},{"not_picked":["Barricade","Clash","Body Slam"],"picked":"SKIP","floor":5.0},{"not_picked":["Double Tap","Bloodletting"],"picked":"Uppercut","floor":7.0},{"not_picked":["Bloodletting","Body Slam"],"picked":"Headbutt","floor":10.0},{"not_picked":["Headbutt","True Grit","Body Slam"],"picked":"SKIP","floor":10.0},{"not_picked":["Flex","Havoc"],"picked":"Twin Strike","floor":11.0},{"not_picked":["Body Slam","Evolve+1"],"picked":"Dark Embrace+1","floor":11.0},{"not_picked":["Headbutt","Warcry"],"picked":"Fire Breathing+1","floor":13.0},{"not_picked":["Cleave","Ghostly Armor"],"picked":"Power Through","floor":13.0},{"not_picked":["Havoc","Sever Soul"],"picked":"Combust+1","floor":14.0},{"not_picked":["Body Slam","True Grit","Fire Breathing+1"],"picked":"SKIP","floor":14.0},{"not_picked":["Double Tap","Bludgeon"],"picked":"Immolate","floor":16.0},{"not_picked":["Havoc","Fire Breathing+1"],"picked":"Carnage+1","floor":18.0},{"not_picked":["True Grit","Entrench","Dual Wield"],"picked":"SKIP","floor":18.0},{"not_picked":["Twin Strike","Headbutt"],"picked":"Fiend Fire","floor":20.0},{"not_picked":["Disarm","Havoc+1"],"picked":"Blood for Blood+1","floor":20.0},{"not_picked":["Whirlwind","Disarm","Blood for Blood"],"picked":"SKIP","floor":22.0},{"not_picked":["True Grit","Iron Wave","Heavy Blade"],"picked":"SKIP","floor":22.0},{"not_picked":["Brutality+1","Perfected Strike"],"picked":"Thunderclap+1","floor":25.0},{"not_picked":["Cleave","Wild Strike","Havoc"],"picked":"SKIP","floor":25.0},{"not_picked":["Uppercut+1","Seeing Red"],"picked":"Feel No Pain+1","floor":27.0},{"not_picked":["Thunderclap","Cleave","Body Slam"],"picked":"SKIP","floor":28.0},{"not_picked":["Perfected Strike","Cleave","Flex"],"picked":"SKIP","floor":28.0},{"not_picked":["Armaments","Body Slam","Berserk+1"],"picked":"SKIP","floor":29.0},{"not_picked":["Body Slam","Dark Embrace+1","Pommel Strike"],"picked":"SKIP","floor":29.0},{"not_picked":["Sever Soul","Whirlwind+1"],"picked":"Armaments+1","floor":30.0},{"not_picked":["Body Slam","Perfected Strike"],"picked":"Shrug It Off","floor":31.0},{"not_picked":["Havoc","Battle Trance"],"picked":"True Grit+1","floor":31.0}],"player_experience":5543272,"relics_obtained":[{"floor":7.0,"key":"Champion Belt"},{"floor":9.0,"key":"Frozen Egg 2"},{"floor":26.0,"key":"Juzu Bracelet"},{"floor":27.0,"key":"Boot"},{"floor":30.0,"key":"MealTicket"}],"event_choices":[{"damage_healed":0.0,"max_hp_gain":0.0,"max_hp_loss":0.0,"gold_gain":0.0,"event_name":"Golden Idol","player_choice":"Take Damage","floor":3.0,"gold_loss":0.0,"damage_taken":26.0,"relics_obtained":["Golden Idol"]},{"damage_healed":0.0,"max_hp_gain":0.0,"max_hp_loss":0.0,"gold_gain":0.0,"event_name":"The Library","player_choice":"Read","floor":19.0,"gold_loss":0.0,"damage_taken":0.0,"cards_obtained":["Rupture"]}],"is_beta":false,"boss_relics":[{"not_picked":["Fusion Hammer","Black Blood"],"picked":"Snecko Eye"}],"items_purged_floors":[21,24],"is_endless":false,"potions_floor_spawned":[1,4,10,14,16,20,22,25,27],"killed_by":"Collector","ascension_level":15}