{"gold_per_floor":[211,228,239,251,251,251,282,282,306,324,340,371,394,412,412,490,490,510,510,522,363,390,416,416,448,496,541,568,580,592,604,616,702,714,737,471,481,37,37,37,15,15,97,108,125,141,173,190,190,190],"floor_reached":51,"playtime":2667,"items_purged":["Strike_R","Strike_R+1"],"score":1401,"play_id":"72035d14-fd7e-4237-b490-95ce1560605a","local_time":"20230419183205","is_ascension_mode":true,"campfire_choices":[{"data":"Bash","floor":6.0,"key":"SMITH"},{"data":"Flame Barrier","floor":8.0,"key":"SMITH"},{"data":"Combust","floor":15.0,"key":"SMITH"},{"data":"Corruption","floor":24.0,"key":"SMITH"},{"data":"Rupture","floor":29.0,"key":"SMITH"},{"data":"Dark Embrace","floor":32.0,"key":"SMITH"},{"floor":40.0,"key":"REST"},{"data":"Twin Strike","floor":42.0,"key":"SMITH"},{"floor":49,"key":"REST"}],"neow_cost":"NONE","seed_source_timestamp":0,"circlet_count":0,"master_deck":["AscendersBane","Defend_R+1","Defend_R+1","Defend_R+1","Defend_R+1","Bash+1","Flame Barrier+1","Battle Trance","Twin Strike+1","Anger","Impervious","Headbutt","Combust+1","Metallicize","Ghostly Armor","Corruption+1","Twin Strike+1","Seeing Red+1","Dark Embrace+1","Disarm","Bloodletting","Shrug It Off","Rupture+1","Exhume","Dark Shackles","Shockwave+1","Disarm+1","True Grit+1","Sword Boomerang+1","True Grit+1","Seeing Red+1"],"special_seed":0,"relics":["Burning Blood","Bronze Scales","Anchor","PreservedInsect","Tiny Chest","Odd Mushroom","Astrolabe","Pen Nib","Oddly Smooth Stone","Lizard Tail","MawBank","Smiling Mask","Empty Cage","Bag of Preparation","Toxic Egg 2","Meat on the Bone","Art of War"],"potions_floor_usage":[46,47,50],"damage_taken":[{"damage":7.0,"enemies":"Small Slimes","floor":1.0,"turns":4.0},{"damage":7.0,"enemies":"Jaw Worm","floor":2.0,"turns":4.0},{"damage":5.0,"enemies":"2 Louse","floor":3.0,"turns":3.0},{"damage":16.0,"enemies":"Exordium Thugs","floor":4.0,"turns":4.0},{"damage":18.0,"enemies":"Lagavulin","floor":7.0,"turns":5.0},{"damage":2.0,"enemies":"Exordium Wildlife","floor":10.0,"turns":2.0},{"damage":0.0,"enemies":"Large Slime","floor":11.0,"turns":6.0},{"damage":18.0,"enemies":"Gremlin Nob","floor":12.0,"turns":3.0},{"damage":3.0,"enemies":"The Mushroom Lair","floor":13.0,"turns":4.0},{"damage":0.0,"enemies":"3 Louse","floor":14.0,"turns":2.0},{"damage":6.0,"enemies":"The Guardian","floor":16.0,"turns":13.0},{"damage":8.0,"enemies":"Spheric Guardian","floor":18.0,"turns":5.0},{"damage":12.0,"enemies":"Chosen","floor":20.0,"turns":5.0},{"damage":11.0,"enemies":"Book of Stabbing","floor":23.0,"turns":4.0},{"damage":4.0,"enemies":"Gremlin Leader","floor":25.0,"turns":6.0},{"damage":8.0,"enemies":"Book of Stabbing","floor":27.0,"turns":4.0},{"damage":7.0,"enemies":"Shelled Parasite and Fungi","floor":28.0,"turns":4.0},{"damage":54.0,"enemies":"Collector","floor":33.0,"turns":9.0},{"damage":19.0,"enemies":"3 Darklings","floor":35.0,"turns":6.0},{"damage":5.0,"enemies":"Orb Walker","floor":37.0,"turns":4.0},{"damage":11.0,"enemies":"3 Darklings","floor":44.0,"turns":6.0},{"damage":7.0,"enemies":"Sphere and 2 Shapes","floor":45.0,"turns":5.0},{"damage":5,"enemies":"Jaw Worm Horde","floor":46,"turns":5},{"damage":31,"enemies":"Reptomancer","floor":47,"turns":6},{"damage":14,"enemies":"3 Darklings","floor":48,"turns":5},{"damage":39,"enemies":"Donu and Deca","floor":50,"turns":8}],"seed_played":"412160162227162200","potions_obtained":[{"floor":1.0,"key":"HeartOfIron"},{"floor":4.0,"key":"Strength Potion"},{"floor":10.0,"key":"AttackPotion"},{"floor":13.0,"key":"Fruit Juice"},{"floor":18.0,"key":"PowerPotion"},{"floor":20.0,"key":"DistilledChaos"},{"floor":28.0,"key":"SteroidPotion"},{"floor":33.0,"key":"DuplicationPotion"},{"floor":35.0,"key":"SneckoOil"},{"floor":44.0,"key":"Swift Potion"},{"floor":48,"key":"Block Potion"}],"is_trial":false,"path_per_floor":["M","M","M","M","?","R","E","R","T","M","M","E","?","M","R","B",null,"M","?","M","$","T","E","R","E","T","E","M","R","?","$","R","B",null,"M","$","M","$","?","R","$","R","T","M","M","M","E","M","R","B",null],"character_chosen":"IRONCLAD","basemod:card_modifiers":[null,null,null,null,null,null,null,null,null,null,null,null,null,null,null,null,null,null,null,null,null,null,null,null,null,null,null,null,null,null,null],"items_purchased":["Bloodletting","Shrug It Off","Bag of Preparation","Dark Shackles","Toxic Egg 2","Shockwave+1","Disarm+1","Block Potion","True Grit+1"],"campfire_rested":2,"item_purchase_floors":[21,21,36,36,38,38,38,38,41],"current_hp_per_floor":[67,66,67,57,39,39,27,27,27,31,37,25,28,34,34,34,65,63,63,62,62,62,57,57,59,59,57,56,56,56,56,56,8,62,49,49,50,50,50,74,74,74,74,69,68,69,56,48,72,51],"gold":190,"neow_bonus":"HUNDRED_GOLD","is_prod":false,"is_daily":false,"chose_seed":false,"campfire_upgraded":7,"win_rate":0,"timestamp":1681954325,"path_taken":["M","M","M","M","?","R","E","R","T","M","M","E","?","M","R","BOSS","M","?","M","$","?","E","R","E","T","E","M","R","?","$","R","BOSS","M","$","M","$","?","R","?","R","T","M","M","M","E","M","R","BOSS"],"build_version":"2022-12-18","purchased_purges":2,"victory":true,"max_hp_per_floor":[75,75,75,75,75,75,75,75,75,75,75,75,75,75,75,75,75,75,75,80,80,80,80,80,80,80,80,80,80,80,80,80,80,80,80,80,80,80,80,80,80,80,80,80,80,80,80,80,80,80],"relic_stats":{"counters":[26,132],"Astrolabe":["Twin Strike","Perfected Strike","Seeing Red"],"PreservedInsect":217,"Pen Nib":[12],"Bag of Preparation":[14],"MawBank":120,"Smiling Mask":50,"Burning Blood":156,"Lizard Tail":0,"Bronze Scales":[386],"Tiny Chest":1,"Art of War":[3],"obtain_stats":[{"Astrolabe":17,"Oddly Smooth Stone":23,"PreservedInsect":9,"Pen Nib":22,"Bag of Preparation":36,"Odd Mushroom":13,"MawBank":26,"Smiling Mask":27,"Empty Cage":34,"Burning Blood":0,"Anchor":7,"Lizard Tail":25,"Bronze Scales":5,"Tiny Chest":12,"Art of War":47,"Toxic Egg 2":38,"Meat on the Bone":43},{"Astrolabe":11,"Oddly Smooth Stone":14,"PreservedInsect":5,"Pen Nib":13,"Bag of Preparation":19,"Odd Mushroom":9,"MawBank":15,"Smiling Mask":16,"Empty Cage":18,"Burning Blood":0,"Anchor":5,"Lizard Tail":15,"Bronze Scales":4,"Tiny Chest":8,"Art of War":24,"Toxic Egg 2":20,"Meat on the Bone":20},{"Astrolabe":50,"Oddly Smooth Stone":64,"PreservedInsect":20,"Pen Nib":60,"Bag of Preparation":93,"Odd Mushroom":35,"MawBank":70,"Smiling Mask":74,"Empty Cage":87,"Burning Blood":0,"Anchor":20,"Lizard Tail":70,"Bronze Scales":15,"Tiny Chest":31,"Art of War":119,"Toxic Egg 2":97,"Meat on the Bone":97}],"Meat on the Bone":24},"card_choices":[{"not_picked":["Rampage","Heavy Blade"],"picked":"Flame Barrier","floor":1.0},{"not_picked":["Heavy Blade","Perfected Strike"],"picked":"Battle Trance","floor":2.0},{"not_picked":["Reckless Charge","True Grit"],"picked":"Twin Strike","floor":3.0},{"not_picked":["Clothesline","Wild Strike"],"picked":"Anger","floor":4.0},{"not_picked":["Twin Strike","Iron Wave"],"picked":"Impervious","floor":7.0},{"not_picked":["Warcry","Havoc"],"picked":"Headbutt","floor":10.0},{"not_picked":["Headbutt","Armaments"],"picked":"Combust","floor":11.0},{"not_picked":["Iron Wave","Infernal Blade"],"picked":"Twin Strike","floor":12.0},{"not_picked":["Twin Strike","Dropkick"],"picked":"Metallicize","floor":13.0},{"not_picked":["Entrench","Cleave"],"picked":"Ghostly Armor","floor":14.0},{"not_picked":["Immolate","Fiend Fire"],"picked":"Corruption","floor":16.0},{"not_picked":["Rampage","Headbutt","Sword Boomerang"],"picked":"SKIP","floor":18.0},{"not_picked":["Warcry","Anger"],"picked":"Disarm","floor":20.0},{"not_picked":["Carnage","Hemokinesis","Searing Blow"],"picked":"SKIP","floor":23.0},{"not_picked":["Bloodletting","Fire Breathing","Pummel"],"picked":"SKIP","floor":25.0},{"not_picked":["Flex","Cleave","Demon Form"],"picked":"SKIP","floor":27.0},{"not_picked":["Warcry","Blood for Blood"],"picked":"Rupture","floor":28.0},{"not_picked":["Double Tap","Demon Form"],"picked":"Exhume","floor":33.0},{"not_picked":["Cleave","Seeing Red","Twin Strike"],"picked":"SKIP","floor":35.0},{"not_picked":["Pommel Strike","Inflame","Clothesline"],"picked":"SKIP","floor":37.0},{"not_picked":["Cleave","Twin Strike+1"],"picked":"Sword Boomerang+1","floor":44.0},{"not_picked":["Headbutt+1","Clothesline"],"picked":"True Grit+1","floor":45.0},{"not_picked":["Dark Embrace","Berserk","Cleave"],"picked":"SKIP","floor":46},{"not_picked":["Bloodletting+1","Wild Strike+1","Feed"],"picked":"SKIP","floor":47},{"not_picked":["Blood for Blood","Body Slam"],"picked":"Seeing Red+1","floor":48}],"player_experience":5564677,"relics_obtained":[{"floor":7.0,"key":"Anchor"},{"floor":9.0,"key":"PreservedInsect"},{"floor":12.0,"key":"Tiny Chest"},{"floor":13.0,"key":"Odd Mushroom"},{"floor":22.0,"key":"Pen Nib"},{"floor":23.0,"key":"Oddly Smooth Stone"},{"floor":25.0,"key":"Lizard Tail"},{"floor":26.0,"key":"MawBank"},{"floor":27.0,"key":"Smiling Mask"},{"floor":43.0,"key":"Meat on the Bone"},{"floor":47,"key":"Art of War"}],"event_choices":[{"damage_healed":0.0,"max_hp_gain":0.0,"max_hp_loss":0.0,"gold_gain":0.0,"event_name":"Scrap Ooze","player_choice":"Success","floor":5.0,"gold_loss":0.0,"damage_taken":18.0,"relics_obtained":["Bronze Scales"]},{"damage_healed":0.0,"max_hp_gain":0.0,"max_hp_loss":0.0,"gold_gain":0.0,"event_name":"Mushrooms","player_choice":"Fought Mushrooms","floor":13.0,"gold_loss":0.0,"damage_taken":0.0},{"damage_healed":0.0,"max_hp_gain":0.0,"max_hp_loss":0.0,"gold_gain":0.0,"event_name":"The Library","player_choice":"Read","floor":19.0,"gold_loss":0.0,"damage_taken":0.0,"cards_obtained":["Dark Embrace"]},{"damage_healed":0.0,"max_hp_gain":0.0,"max_hp_loss":0.0,"gold_gain":0.0,"event_name":"Back to Basics","player_choice":"Simplicity","floor":30.0,"gold_loss":0.0,"damage_taken":0.0,"cards_upgraded":["Strike_R","Defend_R","Defend_R","Defend_R","Defend_R"]},{"damage_healed":0.0,"max_hp_gain":0.0,"max_hp_loss":0.0,"gold_gain":0.0,"event_name":"SecretPortal","player_choice":"Ignored","floor":39.0,"gold_loss":0.0,"damage_taken":0.0}],"is_beta":false,"boss_relics":[{"not_picked":["Philosopher\u0027s Stone","Runic Dome"],"picked":"Astrolabe"},{"not_picked":["Tiny House","Sozu"],"picked":"Empty Cage"}],"items_purged_floors":[21,36],"is_endless":false,"potions_floor_spawned":[1,4,10,12,13,18,20,28,33,35,44,45,48],"ascension_level":15}