{"gold_per_floor":[365,365,60,78,128,128,159,159,234,253,289,359,382,398,398,497,497,521,535,182,182,198,198,231,231,255,296,315,353,353,353,353,449,449,464,162,162,162,437,437,461,461,509,842,873,873,906,925,925,925],"floor_reached":50,"playtime":2457,"items_purged":["Strike_R","Bite"],"score":1125,"play_id":"3cfe6ef2-ff56-464a-925e-5fd352d093fa","local_time":"20230412203419","is_ascension_mode":true,"campfire_choices":[{"data":"Uppercut","floor":6.0,"key":"SMITH"},{"data":"Fire Breathing","floor":8.0,"key":"SMITH"},{"data":"Cleave","floor":15.0,"key":"SMITH"},{"data":"Dark Embrace","floor":23.0,"key":"SMITH"},{"data":"Rupture","floor":25.0,"key":"SMITH"},{"data":"True Grit","floor":32.0,"key":"SMITH"},{"data":"Power Through","floor":40.0,"key":"SMITH"},{"data":"Burning Pact","floor":49.0,"key":"SMITH"}],"neow_cost":"PERCENT_DAMAGE","seed_source_timestamp":7555897970100,"circlet_count":0,"master_deck":["AscendersBane","Defend_R","Defend_R","Defend_R","Defend_R","Bash","Pommel Strike","Fire Breathing+1","Uppercut+1","Second Wind","Anger","Wild Strike","Brutality","True Grit+1","Cleave+1","Impervious","Pommel Strike+1","Dark Embrace+1","Rupture+1","Flame Barrier","Blood for Blood","Power Through+1","Bite","Bite","Bite","Bite","Feed","Battle Trance","Dark Shackles","Finesse","Flash of Steel","Battle Trance","Burning Pact+1"],"special_seed":0,"relics":["Burning Blood","Toy Ornithopter","Sundial","StrikeDummy","Eternal Feather","Ancient Tea Set","Boot","Coffee Dripper","Medical Kit","Omamori","Red Skull","Vajra","Lantern","Calling Bell","Juzu Bracelet","Question Card","Champion Belt","Happy Flower","Bronze Scales","Art of War","Gambling Chip"],"potions_floor_usage":[50,50],"damage_taken":[{"damage":0.0,"enemies":"Small Slimes","floor":1.0,"turns":4.0},{"damage":3.0,"enemies":"2 Louse","floor":4.0,"turns":3.0},{"damage":10.0,"enemies":"Lagavulin","floor":7.0,"turns":6.0},{"damage":0.0,"enemies":"Cultist","floor":10.0,"turns":2.0},{"damage":13.0,"enemies":"Gremlin Nob","floor":11.0,"turns":3.0},{"damage":28.0,"enemies":"3 Sentries","floor":12.0,"turns":4.0},{"damage":6.0,"enemies":"Blue Slaver","floor":14.0,"turns":4.0},{"damage":3.0,"enemies":"Slime Boss","floor":16.0,"turns":6.0},{"damage":23.0,"enemies":"2 Thieves","floor":18.0,"turns":4.0},{"damage":18.0,"enemies":"Spheric Guardian","floor":19.0,"turns":4.0},{"damage":23.0,"enemies":"3 Cultists","floor":22.0,"turns":6.0},{"damage":6.0,"enemies":"Gremlin Leader","floor":24.0,"turns":5.0},{"damage":31.0,"enemies":"Slavers","floor":27.0,"turns":5.0},{"damage":16.0,"enemies":"Shelled Parasite and Fungi","floor":28.0,"turns":4.0},{"damage":20.0,"enemies":"Gremlin Leader","floor":29.0,"turns":7.0},{"damage":0.0,"enemies":"Snake Plant","floor":30.0,"turns":1.0},{"damage":46.0,"enemies":"Collector","floor":33.0,"turns":9.0},{"damage":17.0,"enemies":"Orb Walker","floor":35.0,"turns":4.0},{"damage":36.0,"enemies":"3 Darklings","floor":41.0,"turns":6.0},{"damage":28.0,"enemies":"Giant Head","floor":45.0,"turns":8.0},{"damage":5.0,"enemies":"Nemesis","floor":47.0,"turns":7.0},{"damage":28.0,"enemies":"Writhing Mass","floor":48.0,"turns":6.0},{"damage":75,"enemies":"Awakened One","floor":50,"turns":8}],"seed_played":"1531352555048543982","potions_obtained":[{"floor":1.0,"key":"DistilledChaos"},{"floor":7.0,"key":"Energy Potion"},{"floor":18.0,"key":"DuplicationPotion"},{"floor":22.0,"key":"Swift Potion"},{"floor":28.0,"key":"Energy Potion"},{"floor":29.0,"key":"SmokeBomb"},{"floor":33.0,"key":"LiquidBronze"},{"floor":38.0,"key":"Fruit Juice"},{"floor":38.0,"key":"PowerPotion"},{"floor":45.0,"key":"FearPotion"},{"floor":47.0,"key":"ColorlessPotion"}],"is_trial":false,"path_per_floor":["M","?","$","M","?","R","E","R","T","M","E","?","T","M","R","B",null,"M","M","$","?","M","R","E","R","T","E","M","E","M","?","R","B",null,"M","$","?","?","?","R","M","?","T","?","E","?","E","M","R","B"],"character_chosen":"IRONCLAD","basemod:card_modifiers":[null,null,null,null,null,null,null,null,null,null,null,null,null,null,null,null,null,null,null,null,null,null,null,null,null,null,null,null,null,null,null,null,null],"items_purchased":["Fire Breathing","Uppercut","Toy Ornithopter","Strength Potion","Block Potion","Dark Embrace","Medical Kit","BlessingOfTheForge","Happy Flower"],"campfire_rested":0,"item_purchase_floors":[3,3,3,3,20,20,20,36,36],"current_hp_per_floor":[56,30,30,33,33,33,34,34,34,40,38,21,21,21,33,36,65,48,36,36,36,24,36,46,58,58,33,23,9,20,20,35,14,43,40,40,30,40,40,57,46,46,46,46,42,42,51,46,57,0],"gold":925,"neow_bonus":"TWO_FIFTY_GOLD","is_prod":false,"is_daily":false,"chose_seed":false,"campfire_upgraded":8,"win_rate":0,"timestamp":1681356859,"path_taken":["M","?","$","M","?","R","E","R","T","M","E","?","?","?","R","BOSS","M","M","$","?","M","R","E","R","T","E","M","E","M","?","R","BOSS","M","$","?","?","?","R","M","?","T","?","E","?","E","M","R","BOSS"],"build_version":"2022-12-18","purchased_purges":2,"victory":false,"max_hp_per_floor":[75,75,75,75,75,75,75,75,75,75,75,75,75,75,75,75,75,75,75,75,75,75,75,75,75,75,75,75,75,75,52,52,52,52,52,52,52,57,57,57,57,57,57,57,57,54,54,57,57,57],"relic_stats":{"Happy Flower":[11],"counters":[23,116],"Eternal Feather":79,"Omamori":2,"Juzu Bracelet":2,"Ancient Tea Set":[12],"Boot":[27],"Medical Kit":[30],"Question Card":8,"Burning Blood":132,"Sundial":[12],"Bronze Scales":[95],"Gambling Chip":[3],"Art of War":[1],"Champion Belt":[14],"obtain_stats":[{"Lantern":29,"Happy Flower":36,"Golden Idol":2,"Vajra":27,"Eternal Feather":11,"Omamori":24,"Juzu Bracelet":34,"Ancient Tea Set":12,"Boot":13,"Medical Kit":20,"Question Card":34,"Burning Blood":0,"Calling Bell":34,"Sundial":7,"Bronze Scales":43,"Gambling Chip":47,"Coffee Dripper":17,"Art of War":45,"Champion Belt":34,"StrikeDummy":9,"Toy Ornithopter":3,"Red Skull":26},{"Lantern":15,"Happy Flower":18,"Golden Idol":1,"Vajra":13,"Eternal Feather":5,"Omamori":12,"Juzu Bracelet":17,"Ancient Tea Set":6,"Boot":6,"Medical Kit":10,"Question Card":17,"Burning Blood":0,"Calling Bell":17,"Sundial":3,"Bronze Scales":19,"Gambling Chip":21,"Coffee Dripper":8,"Art of War":20,"Champion Belt":17,"StrikeDummy":3,"Toy Ornithopter":1,"Red Skull":12},{"Lantern":67,"Happy Flower":81,"Golden Idol":4,"Vajra":56,"Eternal Feather":18,"Omamori":51,"Juzu Bracelet":77,"Ancient Tea Set":22,"Boot":22,"Medical Kit":40,"Question Card":77,"Burning Blood":0,"Calling Bell":77,"Sundial":13,"Bronze Scales":87,"Gambling Chip":102,"Coffee Dripper":32,"Art of War":95,"Champion Belt":77,"StrikeDummy":13,"Toy Ornithopter":4,"Red Skull":51}],"Toy Ornithopter":55},"card_choices":[{"not_picked":["Searing Blow","Sentinel"],"picked":"Pommel Strike","floor":1.0},{"not_picked":["Havoc","Thunderclap"],"picked":"Second Wind","floor":4.0},{"not_picked":["True Grit","Feel No Pain"],"picked":"Anger","floor":7.0},{"not_picked":["Body Slam","Wild Strike","Havoc"],"picked":"SKIP","floor":10.0},{"not_picked":["Body Slam","Havoc"],"picked":"Wild Strike","floor":10.0},{"not_picked":["Rampage","Headbutt"],"picked":"Brutality","floor":11.0},{"not_picked":["Sever Soul","Clash"],"picked":"True Grit","floor":12.0},{"not_picked":["Hemokinesis","Havoc"],"picked":"Cleave","floor":14.0},{"not_picked":["Limit Break","Berserk"],"picked":"Impervious","floor":16.0},{"not_picked":["True Grit","Pommel Strike","Pummel"],"picked":"SKIP","floor":18.0},{"not_picked":["Flex","Uppercut"],"picked":"Pommel Strike+1","floor":19.0},{"not_picked":["Thunderclap","Anger"],"picked":"Flame Barrier","floor":22.0},{"not_picked":["True Grit","Anger","Whirlwind"],"picked":"SKIP","floor":24.0},{"not_picked":["Dark Embrace","Headbutt"],"picked":"Blood for Blood","floor":27.0},{"not_picked":["Juggernaut","Headbutt","Clothesline+1"],"picked":"SKIP","floor":28.0},{"not_picked":["Clash","Thunderclap"],"picked":"Power Through","floor":29.0},{"not_picked":["Exhume","Immolate"],"picked":"Feed","floor":33.0},{"not_picked":["Flex","Blood for Blood","Clash+1"],"picked":"Battle Trance","floor":35.0},{"not_picked":["Deep Breath","Flash of Steel","Madness"],"picked":"Dark Shackles","floor":37.0},{"not_picked":["Mind Blast","Dramatic Entrance","Deep Breath"],"picked":"Finesse","floor":37.0},{"not_picked":["The Bomb","Deep Breath","Madness"],"picked":"Flash of Steel","floor":37.0},{"not_picked":["Carnage","Clothesline+1","Body Slam","Thunderclap"],"picked":"SKIP","floor":41.0},{"not_picked":["Dark Embrace","Barricade","Sever Soul"],"picked":"Battle Trance","floor":45.0},{"not_picked":["Thunderclap","Armaments","Sever Soul"],"picked":"Burning Pact","floor":47.0},{"not_picked":["Hemokinesis","Havoc","Fire Breathing","Iron Wave+1"],"picked":"SKIP","floor":48.0}],"player_experience":5556628,"relics_obtained":[{"floor":7.0,"key":"Sundial"},{"floor":9.0,"key":"StrikeDummy"},{"floor":11.0,"key":"Eternal Feather"},{"floor":12.0,"key":"Ancient Tea Set"},{"floor":13.0,"key":"Boot"},{"floor":24.0,"key":"Omamori"},{"floor":26.0,"key":"Red Skull"},{"floor":27.0,"key":"Vajra"},{"floor":29.0,"key":"Lantern"},{"floor":34.0,"key":"Juzu Bracelet"},{"floor":34.0,"key":"Question Card"},{"floor":34.0,"key":"Champion Belt"},{"floor":43.0,"key":"Bronze Scales"},{"floor":45.0,"key":"Art of War"},{"floor":47.0,"key":"Gambling Chip"}],"event_choices":[{"damage_healed":0.0,"max_hp_gain":0.0,"max_hp_loss":0.0,"gold_gain":0.0,"event_name":"Golden Idol","player_choice":"Take Damage","floor":2.0,"gold_loss":0.0,"damage_taken":26.0,"relics_obtained":["Golden Idol"]},{"damage_healed":0.0,"max_hp_gain":0.0,"max_hp_loss":0.0,"gold_gain":50.0,"event_name":"Golden Wing","player_choice":"Gained Gold","floor":5.0,"gold_loss":0.0,"damage_taken":0.0},{"damage_healed":0.0,"max_hp_gain":0.0,"max_hp_loss":0.0,"gold_gain":0.0,"event_name":"Dead Adventurer","player_choice":"Searched \u00271\u0027 times","floor":12.0,"gold_loss":0.0,"damage_taken":0.0},{"damage_healed":0.0,"max_hp_gain":0.0,"max_hp_loss":0.0,"gold_gain":0.0,"event_name":"The Library","player_choice":"Read","floor":21.0,"gold_loss":0.0,"damage_taken":0.0,"cards_obtained":["Rupture"]},{"damage_healed":0.0,"max_hp_gain":0.0,"max_hp_loss":23.0,"gold_gain":0.0,"event_name":"Vampires","player_choice":"Became a vampire","floor":31.0,"gold_loss":0.0,"damage_taken":0.0,"cards_obtained":["Bite","Bite","Bite","Bite","Bite"]},{"damage_healed":0.0,"max_hp_gain":0.0,"max_hp_loss":0.0,"gold_gain":0.0,"event_name":"SensoryStone","player_choice":"Memory 3","floor":37.0,"gold_loss":0.0,"damage_taken":10.0},{"damage_healed":0.0,"max_hp_gain":0.0,"max_hp_loss":0.0,"gold_gain":0.0,"event_name":"Lab","player_choice":"Got Potions","floor":38.0,"gold_loss":0.0,"damage_taken":0.0},{"damage_healed":0.0,"max_hp_gain":0.0,"max_hp_loss":0.0,"gold_gain":275.0,"event_name":"Golden Shrine","player_choice":"Desecrate","floor":39.0,"gold_loss":0.0,"damage_taken":0.0,"cards_obtained":["Regret"]},{"damage_healed":0.0,"max_hp_gain":0.0,"max_hp_loss":0.0,"gold_gain":0.0,"event_name":"Mysterious Sphere","player_choice":"Ignored","floor":42.0,"gold_loss":0.0,"damage_taken":0.0},{"damage_healed":0.0,"max_hp_gain":0.0,"max_hp_loss":0.0,"gold_gain":333.0,"event_name":"The Moai Head","player_choice":"Gave Idol","floor":44.0,"relics_lost":["Golden Idol"],"gold_loss":0.0,"damage_taken":0.0},{"damage_healed":0.0,"max_hp_gain":0.0,"max_hp_loss":3.0,"gold_gain":0.0,"event_name":"Winding Halls","player_choice":"Max HP","floor":46.0,"gold_loss":0.0,"damage_taken":0.0}],"is_beta":false,"boss_relics":[{"not_picked":["Pandora\u0027s Box","Astrolabe"],"picked":"Coffee Dripper"},{"not_picked":["Empty Cage","Runic Cube"],"picked":"Calling Bell"}],"items_purged_floors":[20,36],"is_endless":false,"potions_floor_spawned":[1,4,7,18,22,28,29,33,45,47],"killed_by":"Awakened One","ascension_level":15}