{"gold_per_floor":[110,128,143,154,62,62,94,114,168,93,93,122,177,219,219,301,301,328,353,333,352,352,393,107,129,178,178,222,222,249,358,358,432,441,463,473,131,140,166,210,210,68,93,113,124,124,135,154,154,154],"floor_reached":51,"playtime":2181,"items_purged":["Strike_R","Strike_R","Strike_R"],"score":1412,"play_id":"99b0d05e-e2ab-472c-8f1b-e868ca676557","local_time":"20230421210512","is_ascension_mode":true,"campfire_choices":[{"data":"Bash","floor":6.0,"key":"SMITH"},{"data":"Fiend Fire","floor":15,"key":"SMITH"},{"floor":27,"key":"RECALL"},{"floor":29,"key":"REST"},{"floor":32,"key":"REST"},{"floor":41,"key":"REST"},{"floor":46,"key":"REST"},{"floor":49,"key":"REST"}],"neow_cost":"NONE","seed_source_timestamp":182941988659500,"circlet_count":0,"master_deck":["AscendersBane","Defend_R","Defend_R","Defend_R","Defend_R","Bash+1","Twin Strike","Pommel Strike","Hemokinesis","Impervious","Flame Barrier","Flame Barrier","Inflame+1","Battle Trance","Anger","Fiend Fire+1","Corruption","Combust+1","Dark Embrace","Dropkick+1","Reaper","Spot Weakness","Burning Pact+1","Offering","Second Wind","Evolve+1","CurseOfTheBell","Rupture+1","Finesse","Clothesline","Shrug It Off","Armaments+1","Pommel Strike","Power Through"],"special_seed":0,"relics":["Burning Blood","Question Card","Lantern","Bottled Flame","Bag of Preparation","CeramicFish","Fusion Hammer","Bottled Lightning","Nunchaku","Centennial Puzzle","Tiny Chest","Red Skull","Mango","White Beast Statue","Calling Bell","Juzu Bracelet","Self Forming Clay","Torii","Happy Flower","Blue Candle","Blood Vial"],"potions_floor_usage":[7,12,13,23,39,40,45,50,50],"damage_taken":[{"damage":6.0,"enemies":"Cultist","floor":1.0,"turns":3.0},{"damage":14.0,"enemies":"Jaw Worm","floor":2.0,"turns":4.0},{"damage":5.0,"enemies":"Small Slimes","floor":3.0,"turns":3.0},{"damage":2.0,"enemies":"Exordium Wildlife","floor":4.0,"turns":4.0},{"damage":8,"enemies":"Lagavulin","floor":7,"turns":5},{"damage":2,"enemies":"Red Slaver","floor":8,"turns":4},{"damage":18,"enemies":"Gremlin Nob","floor":12,"turns":3},{"damage":17,"enemies":"3 Sentries","floor":13,"turns":7},{"damage":25,"enemies":"Lagavulin","floor":14,"turns":7},{"damage":15,"enemies":"Slime Boss","floor":16,"turns":6},{"damage":3,"enemies":"3 Byrds","floor":18,"turns":3},{"damage":7,"enemies":"Shell Parasite","floor":19,"turns":5},{"damage":0,"enemies":"Snake Plant","floor":21,"turns":1},{"damage":3,"enemies":"Gremlin Leader","floor":23,"turns":4},{"damage":8,"enemies":"Centurion and Healer","floor":25,"turns":5},{"damage":17,"enemies":"Slavers","floor":28,"turns":5},{"damage":8,"enemies":"Chosen and Byrds","floor":30,"turns":4},{"damage":11,"enemies":"Colosseum Slavers","floor":31,"turns":3},{"damage":13,"enemies":"Colosseum Nobs","floor":31,"turns":4},{"damage":6,"enemies":"Collector","floor":33,"turns":2},{"damage":6,"enemies":"Orb Walker","floor":35,"turns":2},{"damage":9,"enemies":"3 Shapes","floor":36,"turns":4},{"damage":9,"enemies":"Jaw Worm Horde","floor":39,"turns":3},{"damage":43,"enemies":"Reptomancer","floor":40,"turns":7},{"damage":10,"enemies":"Spire Growth","floor":44,"turns":4},{"damage":25,"enemies":"Transient","floor":45,"turns":5},{"damage":10,"enemies":"Jaw Worm Horde","floor":47,"turns":6},{"damage":12,"enemies":"4 Shapes","floor":48,"turns":4},{"damage":59,"enemies":"Awakened One","floor":50,"turns":13}],"seed_played":"6905457646317270478","potions_obtained":[{"floor":0.0,"key":"AttackPotion"},{"floor":0.0,"key":"SteroidPotion"},{"floor":7,"key":"FearPotion"},{"floor":14,"key":"AttackPotion"},{"floor":19,"key":"HeartOfIron"},{"floor":31,"key":"AttackPotion"},{"floor":39,"key":"Swift Potion"},{"floor":40,"key":"BloodPotion"},{"floor":45,"key":"FearPotion"},{"floor":48,"key":"Dexterity Potion"}],"is_trial":false,"path_per_floor":["M","M","M","M","$","R","E","M","T","?","?","E","?","E","R","B",null,"M","M","?","M","T","E","$","M","T","R","E","R","M","?","R","B",null,"M","M","$","?","M","E","R","$","T","M","M","R","M","M","R","B",null],"character_chosen":"IRONCLAD","basemod:card_modifiers":[null,null,null,null,null,null,null,null,null,null,null,null,null,null,null,null,null,null,null,null,null,null,null,null,null,null,null,null,null,null,null,null,null,null],"items_purchased":["Flame Barrier","Fire Potion","Spot Weakness","Centennial Puzzle","Finesse","Happy Flower","Pommel Strike"],"campfire_rested":5,"item_purchase_floors":[5,5,24,24,37,37,42],"current_hp_per_floor":[68,60,61,65,65,65,63,67,67,67,67,55,44,25,25,16,60,63,62,62,68,68,71,71,75,75,75,64,75,75,82,89,89,89,89,89,89,89,86,89,89,89,89,89,87,89,89,83,89,64],"gold":154,"neow_bonus":"THREE_SMALL_POTIONS","is_prod":false,"is_daily":false,"chose_seed":false,"campfire_upgraded":2,"win_rate":0,"timestamp":1682136312,"path_taken":["M","M","M","?","$","R","E","M","T","?","?","E","?","E","R","BOSS","M","M","?","?","?","E","$","M","T","R","E","R","M","?","R","BOSS","M","M","$","?","M","E","R","$","T","M","M","R","M","M","R","BOSS"],"build_version":"2022-12-18","purchased_purges":3,"victory":true,"max_hp_per_floor":[75,75,75,75,75,75,75,75,75,75,75,75,75,75,75,75,75,75,75,75,75,75,75,75,75,75,75,75,75,75,89,89,89,89,89,89,89,89,89,89,89,89,89,89,89,89,89,89,89,89],"relic_stats":{"Torii":18,"Happy Flower":[14],"counters":[29,130],"Self Forming Clay":[168],"CeramicFish":171,"Blue Candle":[0],"Bag of Preparation":[42],"Juzu Bracelet":0,"Question Card":23,"Burning Blood":138,"White Beast Statue":[0.0024998400000000014,0.0,0.10427520000000007,0.0,0.43920256000000024,0.0,0.38386560000000025,0.0,0.06894720000000004,0.0,0.0012096000000000008,4.083886080000002],"Blood Vial":0,"Bottled Flame":"Bash","Nunchaku":[14],"Centennial Puzzle":[45],"Tiny Chest":0,"Bottled Lightning":"Battle Trance","obtain_stats":[{"Lantern":9,"Torii":34,"Happy Flower":37,"Self Forming Clay":34,"CeramicFish":14,"Blue Candle":40,"Mango":31,"Bag of Preparation":13,"Juzu Bracelet":34,"Question Card":7,"Burning Blood":0,"White Beast Statue":31,"Calling Bell":34,"Blood Vial":43,"Bottled Flame":12,"Nunchaku":23,"Centennial Puzzle":24,"Tiny Chest":26,"Fusion Hammer":17,"Bottled Lightning":22,"Red Skull":28},{"Lantern":6,"Torii":20,"Happy Flower":22,"Self Forming Clay":20,"CeramicFish":9,"Blue Candle":24,"Mango":19,"Bag of Preparation":8,"Juzu Bracelet":20,"Question Card":5,"Burning Blood":0,"White Beast Statue":19,"Calling Bell":20,"Blood Vial":24,"Bottled Flame":7,"Nunchaku":14,"Centennial Puzzle":14,"Tiny Chest":15,"Fusion Hammer":10,"Bottled Lightning":13,"Red Skull":16},{"Lantern":23,"Torii":82,"Happy Flower":88,"Self Forming Clay":82,"CeramicFish":40,"Blue Candle":98,"Mango":80,"Bag of Preparation":33,"Juzu Bracelet":82,"Question Card":19,"Burning Blood":0,"White Beast Statue":80,"Calling Bell":82,"Blood Vial":98,"Bottled Flame":26,"Nunchaku":59,"Centennial Puzzle":59,"Tiny Chest":64,"Fusion Hammer":46,"Bottled Lightning":55,"Red Skull":69}]},"card_choices":[{"not_picked":["Metallicize","True Grit"],"picked":"Twin Strike","floor":1.0},{"not_picked":["Shrug It Off","Flex"],"picked":"Pommel Strike","floor":2.0},{"not_picked":["Twin Strike","Headbutt"],"picked":"Hemokinesis","floor":3.0},{"not_picked":["Heavy Blade","Pommel Strike"],"picked":"Impervious","floor":4.0},{"not_picked":["Flame Barrier","Thunderclap","Havoc"],"picked":"SKIP","floor":7},{"not_picked":["Thunderclap","Havoc"],"picked":"Flame Barrier","floor":7},{"not_picked":["Second Wind","Anger","True Grit"],"picked":"Inflame","floor":8},{"not_picked":["Pommel Strike","Perfected Strike","Brutality"],"picked":"Battle Trance","floor":12},{"not_picked":["Intimidate","Dual Wield","Wild Strike"],"picked":"Anger","floor":13},{"not_picked":["Thunderclap","Intimidate","Entrench"],"picked":"Fiend Fire","floor":14},{"not_picked":["Limit Break","Brutality","Double Tap"],"picked":"Corruption","floor":16},{"not_picked":["Twin Strike","Shrug It Off","Ghostly Armor"],"picked":"Combust+1","floor":18},{"not_picked":["Armaments","Headbutt","Dual Wield"],"picked":"Dark Embrace","floor":19},{"not_picked":["Clothesline","Sword Boomerang","Sever Soul"],"picked":"Dropkick+1","floor":21},{"not_picked":["True Grit","Heavy Blade","Uppercut"],"picked":"Reaper","floor":23},{"not_picked":["Sentinel+1","Pommel Strike+1","Reckless Charge"],"picked":"Burning Pact+1","floor":25},{"not_picked":["Rage","Flex","Twin Strike"],"picked":"Offering","floor":28},{"not_picked":["Heavy Blade","Bloodletting","Perfected Strike"],"picked":"Second Wind","floor":30},{"not_picked":["Infernal Blade","Pommel Strike","Body Slam"],"picked":"Evolve+1","floor":31},{"not_picked":["Second Wind","Metallicize","Carnage"],"picked":"Rupture+1","floor":35},{"not_picked":["Heavy Blade","Clash","Carnage+1","Perfected Strike"],"picked":"SKIP","floor":36},{"not_picked":["Iron Wave","Clothesline","Carnage"],"picked":"Shrug It Off","floor":39},{"not_picked":["Carnage","Fiend Fire","Feed"],"picked":"Armaments+1","floor":40},{"not_picked":["Body Slam+1","Ghostly Armor","Armaments"],"picked":"Power Through","floor":44},{"not_picked":["Battle Trance","Clothesline+1","Ghostly Armor","Flex+1"],"picked":"SKIP","floor":45},{"not_picked":["Iron Wave","Bloodletting","Pommel Strike","Spot Weakness"],"picked":"SKIP","floor":47},{"not_picked":["Cleave","Seeing Red","True Grit","Anger"],"picked":"SKIP","floor":48}],"player_experience":5569481,"relics_obtained":[{"floor":7,"key":"Question Card"},{"floor":9,"key":"Lantern"},{"floor":12,"key":"Bottled Flame"},{"floor":13,"key":"Bag of Preparation"},{"floor":14,"key":"CeramicFish"},{"floor":22,"key":"Bottled Lightning"},{"floor":23,"key":"Nunchaku"},{"floor":26,"key":"Tiny Chest"},{"floor":28,"key":"Red Skull"},{"floor":31,"key":"Mango"},{"floor":31,"key":"White Beast Statue"},{"floor":34,"key":"Juzu Bracelet"},{"floor":34,"key":"Self Forming Clay"},{"floor":34,"key":"Torii"},{"floor":40,"key":"Blue Candle"},{"floor":43,"key":"Blood Vial"}],"event_choices":[{"cards_removed":["Strike_R"],"damage_healed":0,"gold_gain":0,"player_choice":"Card Removal","damage_taken":0,"max_hp_gain":0,"max_hp_loss":0,"event_name":"The Cleric","floor":10,"gold_loss":75},{"damage_healed":0,"gold_gain":0,"player_choice":"Grow","damage_taken":0,"max_hp_gain":0,"max_hp_loss":0,"event_name":"Living Wall","floor":11,"gold_loss":0,"cards_upgraded":["Inflame"]},{"damage_healed":0,"gold_gain":0,"player_choice":"Searched \u00271\u0027 times","damage_taken":0,"max_hp_gain":0,"max_hp_loss":0,"event_name":"Dead Adventurer","floor":13,"gold_loss":0},{"damage_healed":0,"gold_gain":0,"player_choice":"Bought 1 Potion","damage_taken":0,"max_hp_gain":0,"max_hp_loss":0,"event_name":"The Woman in Blue","floor":20,"gold_loss":0},{"damage_healed":0,"gold_gain":0,"player_choice":"Fight","damage_taken":0,"max_hp_gain":0,"max_hp_loss":0,"event_name":"Colosseum","floor":31,"gold_loss":0},{"damage_healed":0,"gold_gain":0,"player_choice":"Fought Nobs","damage_taken":0,"max_hp_gain":0,"max_hp_loss":0,"event_name":"Colosseum","floor":31,"gold_loss":0},{"damage_healed":0,"gold_gain":0,"cards_transformed":["Strike_R"],"player_choice":"Transformed","damage_taken":0,"max_hp_gain":0,"max_hp_loss":0,"event_name":"Transmorgrifier","floor":38,"gold_loss":0,"cards_obtained":["Clothesline"]}],"is_beta":false,"boss_relics":[{"not_picked":["Tiny House","Mark of Pain"],"picked":"Fusion Hammer"},{"not_picked":["Empty Cage","SlaversCollar"],"picked":"Calling Bell"}],"items_purged_floors":[24,37,42],"is_endless":false,"potions_floor_spawned":[1,3,7,8,14,19,21,31,31,33,35,36,39,40,44,45,47,48],"ascension_level":15}