{"gold_per_floor":[113,127,147,69,69,101,101,120,120,148,165,176,202,202,202,277,277,289,40,51,51,51,79,79,96,96,146,178,188,198,6,6,83,83,102,102,120,0,0,27,27,59,59,59,9,39,54,71,71,71],"floor_reached":51,"playtime":1772,"items_purged":["Strike_R"],"score":1398,"play_id":"8d194ffb-1613-4c25-8693-0aaf9fb1ac55","local_time":"20230507202230","is_ascension_mode":true,"campfire_choices":[{"data":"Bash","floor":7.0,"key":"SMITH"},{"data":"Inflame","floor":15.0,"key":"SMITH"},{"data":"Whirlwind","floor":24.0,"key":"SMITH"},{"data":"Apotheosis","floor":32.0,"key":"SMITH"},{"data":"Feel No Pain","floor":41.0,"key":"SMITH"},{"data":"Brutality","floor":44.0,"key":"SMITH"},{"floor":49,"key":"REST"}],"neow_cost":"NONE","seed_source_timestamp":133798649882800,"circlet_count":0,"master_deck":["AscendersBane","Strike_R","Strike_R","Strike_R","Defend_R","Defend_R","Defend_R","Defend_R","Bash+1","Clothesline","Battle Trance","Anger","Combust+1","Reaper","Inflame+1","Shrug It Off","Feel No Pain+1","Brutality+1","Sword Boomerang","Whirlwind+1","Exhume","Apotheosis+1","Fiend Fire","Second Wind","Shrug It Off","Blood for Blood","Demon Form"],"special_seed":0,"relics":["Burning Blood","Akabeko","Regal Pillow","Letter Opener","Ancient Tea Set","Velvet Choker","Self Forming Clay","Boot","Blood Vial","Dream Catcher","Omamori","SlaversCollar","Red Mask","Smiling Mask","Eternal Feather","Gremlin Horn","StrikeDummy"],"potions_floor_usage":[50,50],"damage_taken":[{"damage":4.0,"enemies":"Small Slimes","floor":1.0,"turns":4.0},{"damage":2.0,"enemies":"Jaw Worm","floor":2.0,"turns":3.0},{"damage":9.0,"enemies":"2 Louse","floor":3.0,"turns":4.0},{"damage":30.0,"enemies":"Gremlin Nob","floor":6.0,"turns":5.0},{"damage":18.0,"enemies":"Lots of Slimes","floor":8.0,"turns":2.0},{"damage":29.0,"enemies":"Lagavulin","floor":10.0,"turns":5.0},{"damage":9.0,"enemies":"Exordium Thugs","floor":11.0,"turns":4.0},{"damage":4.0,"enemies":"Large Slime","floor":12.0,"turns":5.0},{"damage":28.0,"enemies":"3 Sentries","floor":13.0,"turns":5.0},{"damage":36.0,"enemies":"Slime Boss","floor":16.0,"turns":8.0},{"damage":12.0,"enemies":"Shell Parasite","floor":18.0,"turns":4.0},{"damage":3.0,"enemies":"Chosen","floor":20.0,"turns":4.0},{"damage":42.0,"enemies":"Book of Stabbing","floor":23.0,"turns":5.0},{"damage":19.0,"enemies":"3 Cultists","floor":25.0,"turns":3.0},{"damage":0.0,"enemies":"Slavers","floor":28.0,"turns":1.0},{"damage":14.0,"enemies":"Snecko","floor":29.0,"turns":4.0},{"damage":17.0,"enemies":"Centurion and Healer","floor":30.0,"turns":4.0},{"damage":64.0,"enemies":"Automaton","floor":33.0,"turns":11.0},{"damage":10.0,"enemies":"3 Darklings","floor":35.0,"turns":2.0},{"damage":12.0,"enemies":"3 Shapes","floor":37.0,"turns":1.0},{"damage":54.0,"enemies":"Reptomancer","floor":40.0,"turns":7.0},{"damage":23.0,"enemies":"Giant Head","floor":42.0,"turns":7.0},{"damage":45.0,"enemies":"Reptomancer","floor":46.0,"turns":5.0},{"damage":15.0,"enemies":"Maw","floor":47.0,"turns":7.0},{"damage":39,"enemies":"Transient","floor":48,"turns":5},{"damage":41,"enemies":"Awakened One","floor":50,"turns":12}],"seed_played":"-4776670005959840206","potions_obtained":[{"floor":2.0,"key":"Ancient Potion"},{"floor":3.0,"key":"Block Potion"},{"floor":10.0,"key":"DuplicationPotion"},{"floor":12.0,"key":"BlessingOfTheForge"},{"floor":13.0,"key":"Fire Potion"},{"floor":37.0,"key":"Strength Potion"},{"floor":42.0,"key":"EssenceOfSteel"},{"floor":46.0,"key":"HeartOfIron"}],"is_trial":false,"path_per_floor":["M","M","M","$","?","E","R","M","T","E","M","M","E","?","R","B",null,"M","$","M","?","T","E","R","M","T","?","E","M","M","$","R","B",null,"M","?","M","?","$","E","R","E","T","R","$","E","M","M","R","B",null],"character_chosen":"IRONCLAD","basemod:card_modifiers":[null,null,null,null,null,null,null,null,null,null,null,null,null,null,null,null,null,null,null,null,null,null,null,null,null,null,null],"items_purchased":["Combust","Self Forming Clay","Apotheosis"],"campfire_rested":1,"item_purchase_floors":[4,19,31],"current_hp_per_floor":[77,81,78,78,71,47,47,80,80,57,60,74,70,70,70,56,76,70,70,80,80,80,49,49,71,71,71,79,82,78,78,78,30,69,67,67,63,63,63,56,56,64,64,79,79,48,56,37,82,79],"gold":71,"neow_bonus":"TEN_PERCENT_HP_BONUS","is_prod":false,"is_daily":false,"chose_seed":false,"campfire_upgraded":6,"win_rate":0,"timestamp":1683516150,"path_taken":["M","M","M","$","?","E","R","M","T","E","M","M","E","?","R","BOSS","M","$","M","?","?","E","R","M","T","?","E","M","?","$","R","BOSS","M","?","M","?","$","E","R","E","T","R","$","E","M","M","R","BOSS"],"build_version":"2022-12-18","purchased_purges":1,"victory":true,"max_hp_per_floor":[82,82,82,82,82,82,82,82,82,82,82,82,82,82,82,82,82,82,82,82,82,82,82,82,82,82,82,82,82,82,82,82,82,82,82,82,82,82,82,82,82,82,82,82,82,82,82,82,82,82],"relic_stats":{"Regal Pillow":6,"Gremlin Horn":[5,7],"counters":[26,127],"Self Forming Clay":[360],"Eternal Feather":30,"Omamori":0,"Letter Opener":[95],"Ancient Tea Set":[12],"Boot":[15],"Smiling Mask":25,"Burning Blood":155,"Blood Vial":22,"Dream Catcher":1,"obtain_stats":[{"Regal Pillow":9,"Gremlin Horn":43,"Self Forming Clay":19,"Velvet Choker":17,"Eternal Feather":42,"Omamori":28,"Letter Opener":10,"Ancient Tea Set":13,"Boot":22,"Smiling Mask":40,"Burning Blood":0,"Akabeko":6,"Blood Vial":23,"SlaversCollar":34,"Dream Catcher":26,"Red Mask":38,"StrikeDummy":46},{"Regal Pillow":5,"Gremlin Horn":22,"Self Forming Clay":11,"Velvet Choker":10,"Eternal Feather":22,"Omamori":15,"Letter Opener":6,"Ancient Tea Set":9,"Boot":12,"Smiling Mask":21,"Burning Blood":0,"Akabeko":4,"Blood Vial":13,"SlaversCollar":18,"Dream Catcher":14,"Red Mask":20,"StrikeDummy":23},{"Regal Pillow":18,"Gremlin Horn":98,"Self Forming Clay":49,"Velvet Choker":45,"Eternal Feather":98,"Omamori":62,"Letter Opener":23,"Ancient Tea Set":37,"Boot":53,"Smiling Mask":91,"Burning Blood":0,"Akabeko":16,"Blood Vial":58,"SlaversCollar":81,"Dream Catcher":61,"Red Mask":84,"StrikeDummy":103}]},"card_choices":[{"not_picked":["Wild Strike","Armaments"],"picked":"Clothesline","floor":1.0},{"not_picked":["Perfected Strike","Iron Wave"],"picked":"Battle Trance","floor":2.0},{"not_picked":["Twin Strike","Wild Strike"],"picked":"Anger","floor":3.0},{"not_picked":["Body Slam","Burning Pact"],"picked":"Reaper","floor":6.0},{"not_picked":["Cleave","Flex"],"picked":"Inflame","floor":8.0},{"not_picked":["Clothesline","Dropkick"],"picked":"Metallicize","floor":10.0},{"not_picked":["Pommel Strike","Body Slam"],"picked":"Shrug It Off","floor":11.0},{"not_picked":["Clash","Reckless Charge","Wild Strike"],"picked":"SKIP","floor":12.0},{"not_picked":["Sentinel","Heavy Blade"],"picked":"Feel No Pain","floor":13.0},{"not_picked":["Reaper","Juggernaut"],"picked":"Brutality","floor":16.0},{"not_picked":["Anger","Cleave"],"picked":"Sword Boomerang","floor":18.0},{"not_picked":["Hemokinesis","Sword Boomerang","Wild Strike"],"picked":"SKIP","floor":20.0},{"not_picked":["Body Slam","Juggernaut"],"picked":"Whirlwind","floor":23.0},{"not_picked":["Wild Strike","Carnage","Cleave"],"picked":"SKIP","floor":25.0},{"not_picked":["Armaments","Pummel"],"picked":"Exhume","floor":28.0},{"not_picked":["Uppercut","Clothesline","Wild Strike+1"],"picked":"SKIP","floor":29.0},{"not_picked":["Clothesline","Twin Strike","Sever Soul"],"picked":"SKIP","floor":30.0},{"not_picked":["Barricade","Berserk"],"picked":"Fiend Fire","floor":33.0},{"not_picked":["Burning Pact","Pommel Strike"],"picked":"Second Wind","floor":35.0},{"not_picked":["Fire Breathing","Clash"],"picked":"Shrug It Off","floor":37.0},{"not_picked":["Searing Blow","Clash","Rampage"],"picked":"SKIP","floor":40.0},{"not_picked":["Perfected Strike+1","Clash","Armaments"],"picked":"SKIP","floor":42.0},{"not_picked":["Immolate","Combust","Havoc"],"picked":"SKIP","floor":46.0},{"not_picked":["Power Through","Thunderclap","Battle Trance"],"picked":"SKIP","floor":47},{"not_picked":["Blood for Blood","Combust","Twin Strike+1"],"picked":"SKIP","floor":48},{"not_picked":["Combust","Twin Strike+1"],"picked":"Blood for Blood","floor":48},{"not_picked":["Havoc","Iron Wave+1"],"picked":"Demon Form","floor":49}],"player_experience":5585331,"relics_obtained":[{"floor":6.0,"key":"Akabeko"},{"floor":9.0,"key":"Regal Pillow"},{"floor":10.0,"key":"Letter Opener"},{"floor":13.0,"key":"Ancient Tea Set"},{"floor":22.0,"key":"Boot"},{"floor":23.0,"key":"Blood Vial"},{"floor":26.0,"key":"Dream Catcher"},{"floor":28.0,"key":"Omamori"},{"floor":40.0,"key":"Smiling Mask"},{"floor":42.0,"key":"Eternal Feather"},{"floor":43.0,"key":"Gremlin Horn"},{"floor":46.0,"key":"StrikeDummy"}],"event_choices":[{"cards_removed":["Strike_R"],"damage_healed":0.0,"max_hp_gain":0.0,"max_hp_loss":0.0,"gold_gain":0.0,"event_name":"Golden Wing","player_choice":"Card Removal","floor":5.0,"gold_loss":0.0,"damage_taken":7.0},{"damage_healed":0.0,"max_hp_gain":0.0,"max_hp_loss":0.0,"gold_gain":0.0,"event_name":"Living Wall","player_choice":"Grow","floor":14.0,"gold_loss":0.0,"damage_taken":0.0,"cards_upgraded":["Combust"]},{"damage_healed":0.0,"max_hp_gain":0.0,"max_hp_loss":0.0,"gold_gain":0.0,"event_name":"The Mausoleum","player_choice":"Ignored","floor":21.0,"gold_loss":0.0,"damage_taken":0.0},{"damage_healed":0.0,"max_hp_gain":0.0,"max_hp_loss":0.0,"gold_gain":50.0,"event_name":"Golden Shrine","player_choice":"Pray","floor":27.0,"gold_loss":0.0,"damage_taken":0.0},{"cards_removed":["Metallicize"],"damage_healed":0.0,"max_hp_gain":0.0,"max_hp_loss":0.0,"gold_gain":0.0,"event_name":"Falling","player_choice":"Removed Power","floor":36.0,"gold_loss":0.0,"damage_taken":0.0},{"damage_healed":0.0,"max_hp_gain":0.0,"max_hp_loss":0.0,"gold_gain":0.0,"event_name":"Tomb of Lord Red Mask","player_choice":"Paid","floor":38.0,"gold_loss":120.0,"damage_taken":0.0,"relics_obtained":["Red Mask"]}],"is_beta":false,"boss_relics":[{"not_picked":["Ectoplasm","Tiny House"],"picked":"Velvet Choker"},{"not_picked":["Busted Crown","Sozu"],"picked":"SlaversCollar"}],"items_purged_floors":[45],"is_endless":false,"potions_floor_spawned":[2,3,10,12,13,28,29,37,42,46,47],"ascension_level":15}