{"gold_per_floor":[366,377,302,320,320,320,345,345,370,370,41,67,77,104,104,181,181,162,176,176,0,0,0,14,14,14,14,43,18,49,65,65,142,142,156,168,168,188,201,234,234,261,261,293,293,195,220,22,22,22],"floor_reached":51,"playtime":2198,"items_purged":["Thunderclap","Hemokinesis+1"],"score":1412,"play_id":"eb70edb5-e2ab-40b9-9a4f-a6a333b9f0b3","local_time":"20230506195300","is_ascension_mode":true,"campfire_choices":[{"data":"Hemokinesis","floor":6.0,"key":"SMITH"},{"data":"Bash","floor":8.0,"key":"SMITH"},{"data":"Demon Form","floor":10.0,"key":"SMITH"},{"data":"Disarm","floor":15.0,"key":"SMITH"},{"floor":23.0,"key":"REST"},{"floor":27.0,"key":"REST"},{"data":"True Grit","floor":32.0,"key":"SMITH"},{"floor":41.0,"key":"REST"},{"floor":45.0,"key":"REST"},{"floor":49,"key":"REST"}],"neow_cost":"PERCENT_DAMAGE","seed_source_timestamp":44982292626100,"circlet_count":0,"master_deck":["AscendersBane","Bash+1","Anger","Sword Boomerang+1","Demon Form+1","Metallicize+1","Whirlwind","Disarm+1","Berserk+1","Shrug It Off","Cleave","Dark Embrace+1","True Grit+1","Brutality+1","True Grit","Limit Break","Dual Wield","Cleave","Havoc","Battle Trance+1","Havoc","Reaper","Pommel Strike+1","Armaments","Evolve+1","Burning Pact"],"special_seed":0,"relics":["Burning Blood","Happy Flower","Whetstone","Bag of Marbles","Frozen Egg 2","Ancient Tea Set","Smiling Mask","Empty Cage","Dead Branch","Singing Bowl","Anchor","Self Forming Clay","Pandora\u0027s Box","White Beast Statue","Pear","Letter Opener","Shuriken","CaptainsWheel","Centennial Puzzle"],"potions_floor_usage":[50,50],"damage_taken":[{"damage":1.0,"enemies":"Cultist","floor":1.0,"turns":4.0},{"damage":1.0,"enemies":"2 Louse","floor":2.0,"turns":3.0},{"damage":3.0,"enemies":"Small Slimes","floor":4.0,"turns":4.0},{"damage":19.0,"enemies":"3 Sentries","floor":7.0,"turns":6.0},{"damage":6.0,"enemies":"Lagavulin","floor":12.0,"turns":5.0},{"damage":0.0,"enemies":"3 Louse","floor":13.0,"turns":1.0},{"damage":12.0,"enemies":"3 Sentries","floor":14.0,"turns":7.0},{"damage":14.0,"enemies":"The Guardian","floor":16.0,"turns":6.0},{"damage":29.0,"enemies":"2 Thieves","floor":18.0,"turns":4.0},{"damage":26.0,"enemies":"Spheric Guardian","floor":19.0,"turns":5.0},{"damage":31.0,"enemies":"Shelled Parasite and Fungi","floor":24.0,"turns":4.0},{"damage":17.0,"enemies":"Slavers","floor":28.0,"turns":3.0},{"damage":9.0,"enemies":"Book of Stabbing","floor":30.0,"turns":6.0},{"damage":5.0,"enemies":"Centurion and Healer","floor":31.0,"turns":6.0},{"damage":21.0,"enemies":"Champ","floor":33.0,"turns":7.0},{"damage":16.0,"enemies":"Orb Walker","floor":35.0,"turns":4.0},{"damage":18.0,"enemies":"3 Darklings","floor":36.0,"turns":4.0},{"damage":53.0,"enemies":"Maw","floor":38.0,"turns":7.0},{"damage":25.0,"enemies":"Transient","floor":39.0,"turns":5.0},{"damage":24.0,"enemies":"Giant Head","floor":40.0,"turns":6.0},{"damage":27.0,"enemies":"Nemesis","floor":42.0,"turns":7.0},{"damage":35.0,"enemies":"Reptomancer","floor":44.0,"turns":5.0},{"damage":5,"enemies":"Mind Bloom Boss Battle","floor":47,"turns":6},{"damage":66,"enemies":"Time Eater","floor":50,"turns":9}],"seed_played":"-3631453511432786956","potions_obtained":[{"floor":2.0,"key":"FearPotion"},{"floor":4.0,"key":"AttackPotion"},{"floor":7.0,"key":"AttackPotion"},{"floor":18.0,"key":"GamblersBrew"},{"floor":24.0,"key":"ColorlessPotion"},{"floor":30.0,"key":"Weak Potion"},{"floor":31.0,"key":"Fruit Juice"},{"floor":33.0,"key":"Dexterity Potion"},{"floor":35.0,"key":"DistilledChaos"},{"floor":36.0,"key":"SteroidPotion"},{"floor":42.0,"key":"ColorlessPotion"},{"floor":44.0,"key":"EssenceOfSteel"}],"is_trial":false,"path_per_floor":["M","M","?","M","?","R","E","R","T","R","$","E","M","E","R","B",null,"M","M","?","?","?","R","M","T","T","R","E","$","E","M","R","B",null,"M","M","?","M","M","E","R","E","T","E","R","$","?","$","R","B",null],"character_chosen":"IRONCLAD","basemod:card_modifiers":[null,null,null,null,null,null,null,null,null,null,null,null,null,null,null,null,null,null,null,null,null,null,null,null,null,null],"items_purchased":["Frozen Egg 2","Metallicize+1","True Grit","Dexterity Potion","Centennial Puzzle"],"campfire_rested":5,"item_purchase_floors":[11,11,29,46,48],"current_hp_per_floor":[55,60,60,63,52,52,39,39,39,39,39,39,45,39,39,31,64,41,21,21,21,21,43,18,18,18,40,29,29,28,31,31,16,63,58,46,46,55,36,18,43,40,40,11,39,39,56,56,85,55],"gold":22,"neow_bonus":"TWO_FIFTY_GOLD","is_prod":false,"is_daily":false,"chose_seed":false,"campfire_upgraded":5,"win_rate":0,"timestamp":1683427980,"path_taken":["M","M","?","M","?","R","E","R","T","R","$","E","M","E","R","BOSS","M","M","?","?","?","R","M","?","T","R","E","?","E","?","R","BOSS","M","?","?","M","M","E","R","E","T","E","R","?","?","$","R","BOSS"],"build_version":"2022-12-18","purchased_purges":2,"victory":true,"max_hp_per_floor":[75,75,75,75,75,75,75,75,75,75,75,75,75,75,75,75,75,75,75,75,75,75,75,75,75,75,75,75,75,77,79,79,79,79,84,84,84,84,84,84,84,96,96,96,96,96,98,98,98,98],"relic_stats":{"Happy Flower":[37],"Singing Bowl":8,"counters":[24,124],"Self Forming Clay":[192],"Dead Branch":[121],"Whetstone":["Strike_R","Sword Boomerang"],"Letter Opener":[50],"Ancient Tea Set":[14],"Smiling Mask":75,"Burning Blood":144,"White Beast Statue":[0.0,0.0,0.06000000000000001,0.0,0.44000000000000006,0.0,0.44000000000000006,0.0,0.06000000000000001,0.0,0.0,1.5],"Centennial Puzzle":[3],"Shuriken":[5],"Pandora\u0027s Box":["True Grit","Limit Break","Thunderclap","Dual Wield","Cleave","Havoc"],"obtain_stats":[{"Pear":42,"Happy Flower":5,"Singing Bowl":26,"Self Forming Clay":30,"Dead Branch":25,"Whetstone":7,"Letter Opener":43,"Frozen Egg 2":11,"Ancient Tea Set":12,"Smiling Mask":14,"Empty Cage":17,"Burning Blood":0,"White Beast Statue":40,"Anchor":28,"CaptainsWheel":47,"Centennial Puzzle":48,"Shuriken":44,"Pandora\u0027s Box":34,"Bag of Marbles":9},{"Pear":21,"Happy Flower":3,"Singing Bowl":11,"Self Forming Clay":13,"Dead Branch":11,"Whetstone":4,"Letter Opener":21,"Frozen Egg 2":4,"Ancient Tea Set":5,"Smiling Mask":7,"Empty Cage":8,"Burning Blood":0,"White Beast Statue":20,"Anchor":12,"CaptainsWheel":23,"Centennial Puzzle":23,"Shuriken":22,"Pandora\u0027s Box":15,"Bag of Marbles":4},{"Pear":104,"Happy Flower":11,"Singing Bowl":49,"Self Forming Clay":58,"Dead Branch":49,"Whetstone":17,"Letter Opener":104,"Frozen Egg 2":17,"Ancient Tea Set":22,"Smiling Mask":30,"Empty Cage":36,"Burning Blood":0,"White Beast Statue":97,"Anchor":52,"CaptainsWheel":115,"Centennial Puzzle":115,"Shuriken":109,"Pandora\u0027s Box":71,"Bag of Marbles":17}]},"card_choices":[{"not_picked":["Power Through","Cleave"],"picked":"Anger","floor":1.0},{"not_picked":["Sever Soul","Body Slam"],"picked":"Sword Boomerang","floor":2.0},{"not_picked":["Battle Trance","Dropkick"],"picked":"Hemokinesis","floor":4.0},{"not_picked":["Headbutt","Dropkick"],"picked":"Demon Form","floor":7.0},{"not_picked":["Sentinel","Rampage"],"picked":"Whirlwind","floor":12.0},{"not_picked":["Sword Boomerang","Pummel","Anger"],"picked":"SKIP","floor":13.0},{"not_picked":["Perfected Strike","Sword Boomerang"],"picked":"Disarm","floor":14.0},{"not_picked":["Exhume","Demon Form+1"],"picked":"Berserk+1","floor":16.0},{"not_picked":["Iron Wave","Perfected Strike"],"picked":"Shrug It Off","floor":18.0},{"not_picked":["Wild Strike","Exhume"],"picked":"Cleave","floor":19.0},{"not_picked":["Iron Wave","Pommel Strike","Clash"],"picked":"SKIP","floor":24.0},{"not_picked":["Pommel Strike","Rupture+1"],"picked":"Dark Embrace+1","floor":28.0},{"not_picked":["Warcry","Flex","Sever Soul"],"picked":"Singing Bowl","floor":30.0},{"not_picked":["Anger","Clash","Reckless Charge"],"picked":"Singing Bowl","floor":31.0},{"not_picked":["Demon Form+1","Immolate"],"picked":"Brutality+1","floor":33.0},{"not_picked":["Cleave","Perfected Strike"],"picked":"Battle Trance+1","floor":35.0},{"not_picked":["Anger","Whirlwind"],"picked":"Havoc","floor":36.0},{"not_picked":["Uppercut","Clothesline"],"picked":"Pommel Strike+1","floor":38.0},{"not_picked":["Iron Wave","Infernal Blade"],"picked":"Armaments","floor":39.0},{"not_picked":["Combust+1","Bludgeon"],"picked":"Evolve+1","floor":40.0},{"not_picked":["Battle Trance","Havoc+1","Fire Breathing+1"],"picked":"Singing Bowl","floor":42.0},{"not_picked":["Clash","Body Slam"],"picked":"Burning Pact","floor":44.0},{"not_picked":["Whirlwind","Sword Boomerang","Evolve+1"],"picked":"Singing Bowl","floor":47}],"player_experience":5581094,"relics_obtained":[{"floor":7.0,"key":"Whetstone"},{"floor":9.0,"key":"Bag of Marbles"},{"floor":12.0,"key":"Ancient Tea Set"},{"floor":14.0,"key":"Smiling Mask"},{"floor":25.0,"key":"Dead Branch"},{"floor":26.0,"key":"Singing Bowl"},{"floor":28.0,"key":"Anchor"},{"floor":30.0,"key":"Self Forming Clay"},{"floor":40.0,"key":"White Beast Statue"},{"floor":42.0,"key":"Pear"},{"floor":43.0,"key":"Letter Opener"},{"floor":44.0,"key":"Shuriken"},{"floor":47,"key":"CaptainsWheel"}],"event_choices":[{"cards_removed":["Strike_R"],"damage_healed":0.0,"max_hp_gain":0.0,"max_hp_loss":0.0,"gold_gain":0.0,"event_name":"The Cleric","player_choice":"Card Removal","floor":3.0,"gold_loss":75.0,"damage_taken":0.0},{"damage_healed":0.0,"max_hp_gain":0.0,"max_hp_loss":0.0,"gold_gain":0.0,"event_name":"Scrap Ooze","player_choice":"Success","floor":5.0,"gold_loss":0.0,"damage_taken":11.0,"relics_obtained":["Happy Flower"]},{"damage_healed":0.0,"max_hp_gain":0.0,"max_hp_loss":0.0,"gold_gain":0.0,"event_name":"Vampires","player_choice":"Ignored","floor":20.0,"gold_loss":0.0,"damage_taken":0.0},{"damage_healed":0.0,"max_hp_gain":0.0,"max_hp_loss":0.0,"gold_gain":0.0,"event_name":"Masked Bandits","player_choice":"Paid Fearfully","floor":21.0,"gold_loss":176.0,"damage_taken":0.0},{"damage_healed":0.0,"max_hp_gain":0.0,"max_hp_loss":0.0,"gold_gain":0.0,"event_name":"The Mausoleum","player_choice":"Ignored","floor":22.0,"gold_loss":0.0,"damage_taken":0.0},{"damage_healed":0.0,"max_hp_gain":0.0,"max_hp_loss":0.0,"gold_gain":0.0,"event_name":"Match and Keep!","player_choice":"1 cards matched","floor":37.0,"gold_loss":0.0,"damage_taken":0.0,"cards_obtained":["Reaper"]},{"damage_healed":0,"gold_gain":0,"player_choice":"Fight","damage_taken":0,"max_hp_gain":0,"max_hp_loss":0,"event_name":"MindBloom","floor":47,"gold_loss":0}],"is_beta":false,"boss_relics":[{"not_picked":["Black Blood","Sozu"],"picked":"Empty Cage"},{"not_picked":["Runic Dome","Tiny House"],"picked":"Pandora\u0027s Box"}],"items_purged_floors":[46,48],"is_endless":false,"potions_floor_spawned":[2,4,7,18,24,30,31,33,35,36,42,44,47],"ascension_level":15}