{"gold_per_floor":[116,116,126,126,51,76,76,110,136,136,170,183,183,27,27,121,121,142,67,90,113,113,144,144,178,178,178,178,192,192,217,217,316,316,337,670,690,705,480,480,497,497,497,497,532,185,204,215,215,215],"floor_reached":51,"playtime":1777,"items_purged":["Strike_R","Strike_R"],"score":1289,"play_id":"e33a6eba-c837-456d-b444-bd1ee680563a","local_time":"20230517204355","is_ascension_mode":true,"campfire_choices":[{"data":"Armaments","floor":13.0,"key":"SMITH"},{"data":"Bash","floor":15.0,"key":"SMITH"},{"floor":24.0,"key":"REST"},{"floor":27.0,"key":"REST"},{"floor":32,"key":"REST"},{"floor":40,"key":"RECALL"},{"floor":49,"key":"REST"}],"neow_cost":"NONE","seed_source_timestamp":96757717404600,"circlet_count":0,"master_deck":["AscendersBane","Defend_R","Defend_R","Defend_R","Defend_R","Bash+1","Carnage","Anger","Armaments+1","Metallicize","Battle Trance","Reaper","Cleave","Corruption","Juggernaut+1","Spot Weakness","Rage+1","True Grit","Impervious","Armaments+1","Shrug It Off+1","Body Slam","Sword Boomerang+1","Exhume","Uppercut","Offering"],"special_seed":0,"relics":["Burning Blood","NeowsBlessing","Toy Ornithopter","Pantograph","Kunai","Omamori","MealTicket","Membership Card","Fusion Hammer","Juzu Bracelet","Thread and Needle","TungstenRod","Empty Cage","Question Card","ClockworkSouvenir","Red Skull","HornCleat","Self Forming Clay","Frozen Eye"],"potions_floor_usage":[33,41,45,47,50,50],"damage_taken":[{"damage":0.0,"enemies":"Small Slimes","floor":1.0,"turns":1.0},{"damage":0.0,"enemies":"2 Louse","floor":3.0,"turns":1.0},{"damage":0.0,"enemies":"Gremlin Nob","floor":6.0,"turns":1.0},{"damage":20.0,"enemies":"Lagavulin","floor":8.0,"turns":5.0},{"damage":18.0,"enemies":"3 Sentries","floor":11.0,"turns":9.0},{"damage":0.0,"enemies":"Cultist","floor":12.0,"turns":2.0},{"damage":69.0,"enemies":"Hexaghost","floor":16.0,"turns":10.0},{"damage":11.0,"enemies":"Spheric Guardian","floor":18.0,"turns":4.0},{"damage":8.0,"enemies":"3 Byrds","floor":20.0,"turns":6.0},{"damage":29.0,"enemies":"Centurion and Healer","floor":21.0,"turns":5.0},{"damage":37.0,"enemies":"Book of Stabbing","floor":23.0,"turns":5.0},{"damage":74.0,"enemies":"Slavers","floor":25.0,"turns":6.0},{"damage":27.0,"enemies":"Snake Plant","floor":29.0,"turns":5.0},{"damage":3,"enemies":"Sentry and Sphere","floor":31,"turns":4},{"damage":54,"enemies":"Champ","floor":33,"turns":10},{"damage":3,"enemies":"Orb Walker","floor":35,"turns":4},{"damage":0,"enemies":"3 Shapes","floor":37,"turns":4},{"damage":10,"enemies":"Spire Growth","floor":38,"turns":7},{"damage":10,"enemies":"3 Darklings","floor":41,"turns":8},{"damage":60,"enemies":"Nemesis","floor":45,"turns":9},{"damage":0,"enemies":"4 Shapes","floor":47,"turns":6},{"damage":0,"enemies":"Spire Growth","floor":48,"turns":5},{"damage":59,"enemies":"Awakened One","floor":50,"turns":13}],"seed_played":"6031869446116761895","potions_obtained":[{"floor":3.0,"key":"DuplicationPotion"},{"floor":11.0,"key":"Weak Potion"},{"floor":12.0,"key":"Energy Potion"},{"floor":18.0,"key":"AttackPotion"},{"floor":23.0,"key":"Weak Potion"},{"floor":25.0,"key":"HeartOfIron"},{"floor":37,"key":"Block Potion"},{"floor":45,"key":"Fire Potion"},{"floor":47,"key":"LiquidBronze"}],"is_trial":false,"path_per_floor":["M","?","M","?","$","E","?","E","T","?","E","M","R","$","R","B",null,"M","$","M","M","?","E","R","E","T","R","?","M","?","M","R","B",null,"M","?","M","M","$","R","M","?","T","?","E","$","M","M","R","B",null],"character_chosen":"IRONCLAD","basemod:card_modifiers":[null,null,null,null,null,null,null,null,null,null,null,null,null,null,null,null,null,null,null,null,null,null,null,null,null,null],"items_purchased":["Membership Card","PowerPotion","Question Card","ClockworkSouvenir","Fire Potion","Self Forming Clay","SkillPotion","Frozen Eye","Exhume","Uppercut"],"campfire_rested":4,"item_purchase_floors":[14,19,39,39,39,46,46,46,46,46],"current_hp_per_floor":[74,63,69,74,74,80,73,59,59,59,52,58,58,73,73,22,66,61,76,80,67,67,41,65,17,17,41,30,14,14,25,49,43,71,74,74,80,80,80,80,80,80,80,80,31,46,57,69,80,40],"gold":215,"neow_bonus":"THREE_ENEMY_KILL","is_prod":false,"is_daily":false,"chose_seed":false,"campfire_upgraded":2,"win_rate":0,"timestamp":1684381435,"path_taken":["M","?","M","?","$","E","?","E","T","?","E","M","R","?","R","BOSS","M","$","M","M","?","E","R","E","T","R","?","M","?","M","R","BOSS","M","?","M","M","$","R","M","?","T","?","E","$","M","M","R","BOSS"],"build_version":"2022-12-18","purchased_purges":2,"victory":true,"max_hp_per_floor":[75,75,75,80,80,80,80,80,80,80,80,80,80,80,80,80,80,80,80,80,80,80,80,80,80,80,80,80,80,80,80,80,80,80,80,80,80,80,80,80,80,80,80,80,80,80,80,80,80,80],"relic_stats":{"counters":[23,130],"Self Forming Clay":[24],"Omamori":1,"Juzu Bracelet":2,"Question Card":4,"Burning Blood":132,"Frozen Eye":0.5492158,"Pantograph":32,"MealTicket":45,"Kunai":[29],"Membership Card":645,"obtain_stats":[{"NeowsBlessing":0,"Golden Idol":10,"Self Forming Clay":46,"Thread and Needle":25,"Omamori":9,"Juzu Bracelet":23,"Empty Cage":34,"Question Card":39,"Burning Blood":0,"ClockworkSouvenir":39,"Frozen Eye":46,"HornCleat":45,"Pantograph":6,"MealTicket":11,"Fusion Hammer":17,"Kunai":8,"Membership Card":14,"Toy Ornithopter":2,"TungstenRod":26,"Red Skull":43},{"NeowsBlessing":0,"Golden Idol":4,"Self Forming Clay":20,"Thread and Needle":12,"Omamori":4,"Juzu Bracelet":11,"Empty Cage":15,"Question Card":18,"Burning Blood":0,"ClockworkSouvenir":18,"Frozen Eye":20,"HornCleat":20,"Pantograph":3,"MealTicket":5,"Fusion Hammer":7,"Kunai":4,"Membership Card":6,"Toy Ornithopter":1,"TungstenRod":12,"Red Skull":19},{"NeowsBlessing":0,"Golden Idol":8,"Self Forming Clay":106,"Thread and Needle":55,"Omamori":8,"Juzu Bracelet":49,"Empty Cage":74,"Question Card":89,"Burning Blood":0,"ClockworkSouvenir":89,"Frozen Eye":106,"HornCleat":106,"Pantograph":3,"MealTicket":17,"Fusion Hammer":29,"Kunai":8,"Membership Card":19,"Toy Ornithopter":1,"TungstenRod":55,"Red Skull":97}],"Toy Ornithopter":40,"TungstenRod":39},"card_choices":[{"not_picked":["Armaments","Clothesline"],"picked":"Carnage","floor":1.0},{"not_picked":["Second Wind","Dark Embrace"],"picked":"Anger","floor":3.0},{"not_picked":["Warcry","Heavy Blade"],"picked":"Armaments","floor":6.0},{"not_picked":["Flex","Warcry","Barricade"],"picked":"SKIP","floor":8.0},{"not_picked":["Power Through","Ghostly Armor"],"picked":"Metallicize","floor":11.0},{"not_picked":["Clash","Intimidate"],"picked":"Battle Trance","floor":12.0},{"not_picked":["Bludgeon","Exhume"],"picked":"Reaper","floor":16.0},{"not_picked":["Warcry","Flex"],"picked":"Wild Strike+1","floor":18.0},{"not_picked":["Sentinel","Entrench"],"picked":"Cleave","floor":20.0},{"not_picked":["Iron Wave","Reckless Charge","Perfected Strike"],"picked":"SKIP","floor":21.0},{"not_picked":["Reckless Charge","Flex"],"picked":"Juggernaut","floor":23.0},{"not_picked":["Dropkick+1","Heavy Blade"],"picked":"Spot Weakness","floor":25.0},{"not_picked":["Dual Wield","Headbutt"],"picked":"Rage+1","floor":29.0},{"not_picked":["Flex","Entrench"],"picked":"True Grit","floor":31},{"not_picked":["Limit Break","Corruption"],"picked":"Impervious","floor":33},{"not_picked":["Headbutt","Clash"],"picked":"Armaments+1","floor":35},{"not_picked":["Warcry","Twin Strike","Entrench"],"picked":"SKIP","floor":37},{"not_picked":["Entrench+1","Ghostly Armor"],"picked":"Shrug It Off+1","floor":38},{"not_picked":["True Grit","Pummel","Juggernaut"],"picked":"Body Slam","floor":41},{"not_picked":["Body Slam","Thunderclap","Havoc"],"picked":"Sword Boomerang+1","floor":45},{"not_picked":["Seeing Red","Clothesline","Body Slam"],"picked":"Offering","floor":47},{"not_picked":["Sentinel","Body Slam","Sword Boomerang","Thunderclap"],"picked":"SKIP","floor":48}],"player_experience":5602009,"relics_obtained":[{"floor":6.0,"key":"Pantograph"},{"floor":8.0,"key":"Kunai"},{"floor":9.0,"key":"Omamori"},{"floor":11.0,"key":"MealTicket"},{"floor":23.0,"key":"Juzu Bracelet"},{"floor":25.0,"key":"Thread and Needle"},{"floor":26.0,"key":"TungstenRod"},{"floor":43,"key":"Red Skull"},{"floor":45,"key":"HornCleat"}],"event_choices":[{"damage_healed":0.0,"max_hp_gain":0.0,"max_hp_loss":0.0,"gold_gain":0.0,"event_name":"Scrap Ooze","player_choice":"Success","floor":2.0,"gold_loss":0.0,"damage_taken":11.0,"relics_obtained":["Toy Ornithopter"]},{"damage_healed":0.0,"max_hp_gain":5.0,"max_hp_loss":0.0,"gold_gain":0.0,"event_name":"Big Fish","player_choice":"Donut","floor":4.0,"gold_loss":0.0,"damage_taken":0.0},{"cards_removed":["Strike_R"],"damage_healed":0.0,"max_hp_gain":0.0,"max_hp_loss":0.0,"gold_gain":0.0,"event_name":"Golden Wing","player_choice":"Card Removal","floor":7.0,"gold_loss":0.0,"damage_taken":7.0},{"damage_healed":0.0,"max_hp_gain":0.0,"max_hp_loss":0.0,"gold_gain":0.0,"event_name":"Golden Idol","player_choice":"Take Wound","floor":10.0,"gold_loss":0.0,"damage_taken":0.0,"relics_obtained":["Golden Idol"],"cards_obtained":["Injury"]},{"damage_healed":0.0,"max_hp_gain":0.0,"max_hp_loss":0.0,"gold_gain":0.0,"event_name":"The Library","player_choice":"Read","floor":22.0,"gold_loss":0.0,"damage_taken":0.0,"cards_obtained":["Corruption"]},{"damage_healed":0.0,"max_hp_gain":0.0,"max_hp_loss":0.0,"gold_gain":0.0,"event_name":"Wheel of Change","player_choice":"Damaged","floor":28.0,"gold_loss":0.0,"damage_taken":12.0},{"damage_healed":0.0,"max_hp_gain":0.0,"max_hp_loss":0.0,"gold_gain":0.0,"event_name":"Upgrade Shrine","player_choice":"Upgraded","floor":30.0,"gold_loss":0.0,"damage_taken":0.0,"cards_upgraded":["Juggernaut"]},{"damage_healed":0,"gold_gain":333,"player_choice":"Gave Idol","damage_taken":0,"max_hp_gain":0,"max_hp_loss":0,"event_name":"The Moai Head","floor":36,"relics_lost":["Golden Idol"],"gold_loss":0},{"cards_removed":["Wild Strike"],"damage_healed":5,"gold_gain":0,"player_choice":"Offered Common","damage_taken":0,"max_hp_gain":0,"max_hp_loss":0,"event_name":"Bonfire Elementals","floor":42,"gold_loss":0},{"cards_removed":["Wild Strike"],"damage_healed":5,"gold_gain":0,"player_choice":"Offered Special","damage_taken":0,"max_hp_gain":0,"max_hp_loss":0,"event_name":"Bonfire Elementals","floor":42,"gold_loss":0},{"damage_healed":0,"gold_gain":0,"player_choice":"Ignored","damage_taken":0,"max_hp_gain":0,"max_hp_loss":0,"event_name":"SecretPortal","floor":44,"gold_loss":0}],"is_beta":false,"boss_relics":[{"not_picked":["Snecko Eye","Pandora\u0027s Box"],"picked":"Fusion Hammer"},{"not_picked":["Sozu","Runic Dome"],"picked":"Empty Cage"}],"items_purged_floors":[5,19],"is_endless":false,"potions_floor_spawned":[3,11,12,18,21,23,25,37,45,47],"ascension_level":15}