{"gold_per_floor":[115,115,126,138,158,193,193,206,252,280,280,280,306,325,325,401,401,389,402,402,402,98,124,124,143,143,143,161,161,192,212,212,288,288,301,301,351,16,33,33,47,47,47,66,77,87,7,24,24,24],"floor_reached":51,"playtime":2154,"items_purged":["Decay","Anger"],"score":1413,"play_id":"0b87f3f7-53c0-4478-a3a7-71fee829c0f0","local_time":"20230516185813","is_ascension_mode":true,"campfire_choices":[{"data":"Rage","floor":7.0,"key":"SMITH"},{"floor":12.0,"key":"REST"},{"data":"Combust","floor":15.0,"key":"SMITH"},{"floor":24.0,"key":"REST"},{"data":"Demon Form","floor":27.0,"key":"SMITH"},{"data":"Armaments","floor":29.0,"key":"SMITH"},{"floor":32.0,"key":"REST"},{"floor":40,"key":"REST"},{"floor":42,"key":"REST"},{"floor":49,"key":"REST"}],"neow_cost":"NONE","seed_source_timestamp":3560868947000,"circlet_count":0,"master_deck":["AscendersBane","Strike_R","Strike_R","Strike_R","Strike_R","Strike_R","Defend_R","Defend_R","Defend_R","Defend_R","Bash","Demon Form+1","Headbutt","Iron Wave","Sword Boomerang","Rage+1","Combust+1","Ghostly Armor","Rupture","Clothesline","Feed","Armaments+1","Havoc","Feed","Shrug It Off","Metallicize","Heavy Blade","Shrug It Off+1","Offering","Heavy Blade","Apotheosis","Disarm","Feel No Pain","Dark Embrace","Shockwave","Second Wind"],"special_seed":0,"relics":["Burning Blood","Centennial Puzzle","Pen Nib","InkBottle","Lantern","Snecko Eye","Red Skull","Strawberry","Vajra","Sundial","Busted Crown","FossilizedHelix"],"potions_floor_usage":[35,41,50],"damage_taken":[{"damage":5.0,"enemies":"2 Louse","floor":1.0,"turns":4.0},{"damage":3.0,"enemies":"Cultist","floor":3.0,"turns":3.0},{"damage":15.0,"enemies":"Small Slimes","floor":4.0,"turns":4.0},{"damage":6.0,"enemies":"Exordium Wildlife","floor":5.0,"turns":4.0},{"damage":26.0,"enemies":"Gremlin Nob","floor":6.0,"turns":5.0},{"damage":8.0,"enemies":"Blue Slaver","floor":8.0,"turns":4.0},{"damage":34.0,"enemies":"Lagavulin","floor":10.0,"turns":7.0},{"damage":23.0,"enemies":"Gremlin Nob","floor":13.0,"turns":5.0},{"damage":8.0,"enemies":"Gremlin Gang","floor":14.0,"turns":5.0},{"damage":0.0,"enemies":"Slime Boss","floor":16.0,"turns":3.0},{"damage":30.0,"enemies":"2 Thieves","floor":18.0,"turns":4.0},{"damage":32.0,"enemies":"Chosen","floor":19.0,"turns":5.0},{"damage":10.0,"enemies":"Gremlin Leader","floor":23.0,"turns":6.0},{"damage":6.0,"enemies":"Centurion and Healer","floor":25.0,"turns":10.0},{"damage":7.0,"enemies":"Cultist and Chosen","floor":28.0,"turns":4.0},{"damage":18.0,"enemies":"Slavers","floor":30.0,"turns":8.0},{"damage":2.0,"enemies":"Sentry and Sphere","floor":31.0,"turns":3.0},{"damage":55.0,"enemies":"Automaton","floor":33.0,"turns":8.0},{"damage":43,"enemies":"3 Darklings","floor":35,"turns":5},{"damage":20,"enemies":"3 Shapes","floor":39,"turns":5},{"damage":24,"enemies":"Transient","floor":41,"turns":5},{"damage":15,"enemies":"Writhing Mass","floor":44,"turns":5},{"damage":29,"enemies":"3 Darklings","floor":45,"turns":4},{"damage":2,"enemies":"Spire Growth","floor":46,"turns":3},{"damage":13,"enemies":"Writhing Mass","floor":48,"turns":5},{"damage":34,"enemies":"Time Eater","floor":50,"turns":6}],"seed_played":"4727375228473660653","potions_obtained":[{"floor":3.0,"key":"Weak Potion"},{"floor":5.0,"key":"EssenceOfSteel"},{"floor":6.0,"key":"ElixirPotion"},{"floor":10.0,"key":"EssenceOfSteel"},{"floor":14.0,"key":"Strength Potion"},{"floor":18.0,"key":"BlessingOfTheForge"},{"floor":30.0,"key":"LiquidMemories"},{"floor":33.0,"key":"Swift Potion"},{"floor":35,"key":"Strength Potion"},{"floor":45,"key":"Explosive Potion"},{"floor":48,"key":"BlessingOfTheForge"}],"is_trial":false,"path_per_floor":["M","?","M","M","M","E","R","M","T","E","?","R","E","M","R","B",null,"M","M","?","?","$","E","R","M","T","R","M","R","E","M","R","B",null,"M","?","?","$","M","R","M","R","T","M","M","M","$","M","R","B",null],"character_chosen":"IRONCLAD","basemod:card_modifiers":[null,null,null,null,null,null,null,null,null,null,null,null,null,null,null,null,null,null,null,null,null,null,null,null,null,null,null,null,null,null,null,null,null,null,null,null],"items_purchased":["Shrug It Off","Metallicize","Red Skull","Apotheosis","Disarm","Shockwave"],"campfire_rested":6,"item_purchase_floors":[22,22,22,38,38,47],"current_hp_per_floor":[69,69,72,63,63,43,43,41,41,13,13,35,18,16,16,22,62,38,12,12,12,12,15,39,45,45,45,47,47,38,48,78,29,82,48,48,48,48,38,70,52,84,84,75,52,60,60,57,91,63],"gold":24,"neow_bonus":"ONE_RANDOM_RARE_CARD","is_prod":false,"is_daily":false,"chose_seed":false,"campfire_upgraded":4,"win_rate":0,"timestamp":1684288693,"path_taken":["M","?","M","?","M","E","R","M","T","E","?","R","E","M","R","BOSS","M","M","?","?","$","E","R","?","T","R","M","R","E","M","R","BOSS","M","?","?","$","M","R","M","R","T","M","?","M","$","M","R","BOSS"],"build_version":"2022-12-18","purchased_purges":2,"victory":true,"max_hp_per_floor":[75,75,75,75,75,75,75,75,75,75,75,75,75,75,75,75,75,75,75,75,75,75,82,82,88,88,88,91,91,94,100,100,100,100,103,103,103,103,107,107,107,107,107,107,107,111,111,115,115,115],"relic_stats":{"Centennial Puzzle":[60],"Busted Crown":14,"counters":[26,130],"Sundial":[6],"Snecko Eye":[160,176,183,174,-296],"Pen Nib":[19],"obtain_stats":[{"Centennial Puzzle":6,"Lantern":13,"Busted Crown":34,"Sundial":30,"Strawberry":23,"Snecko Eye":17,"Vajra":26,"Pen Nib":9,"Burning Blood":0,"InkBottle":10,"Red Skull":22,"FossilizedHelix":43},{"Centennial Puzzle":5,"Lantern":8,"Busted Crown":18,"Sundial":16,"Strawberry":13,"Snecko Eye":10,"Vajra":14,"Pen Nib":6,"Burning Blood":0,"InkBottle":7,"Red Skull":12,"FossilizedHelix":21},{"Centennial Puzzle":20,"Lantern":36,"Busted Crown":92,"Sundial":81,"Strawberry":59,"Snecko Eye":44,"Vajra":69,"Pen Nib":24,"Burning Blood":0,"InkBottle":31,"Red Skull":53,"FossilizedHelix":107}],"Burning Blood":156,"InkBottle":[34],"FossilizedHelix":[63]},"card_choices":[{"not_picked":["Perfected Strike","Dropkick"],"picked":"Headbutt","floor":1.0},{"not_picked":["Havoc","Fire Breathing"],"picked":"Iron Wave","floor":3.0},{"not_picked":["Perfected Strike","Armaments"],"picked":"Sword Boomerang","floor":4.0},{"not_picked":["Sword Boomerang","Iron Wave"],"picked":"Anger","floor":5.0},{"not_picked":["Sever Soul","Evolve"],"picked":"Rage","floor":6.0},{"not_picked":["Thunderclap","Corruption"],"picked":"Combust","floor":8.0},{"not_picked":["Thunderclap","Flex"],"picked":"Ghostly Armor","floor":10.0},{"not_picked":["Barricade","Dark Embrace"],"picked":"Rupture","floor":13.0},{"not_picked":["Flex","Perfected Strike"],"picked":"Clothesline","floor":14.0},{"not_picked":["Exhume","Fiend Fire"],"picked":"Feed","floor":16.0},{"not_picked":["Wild Strike","Iron Wave"],"picked":"Armaments","floor":18.0},{"not_picked":["Pummel","Clothesline","Havoc"],"picked":"SKIP","floor":19.0},{"not_picked":["Pummel","Clothesline"],"picked":"Havoc","floor":19.0},{"not_picked":["Anger","Iron Wave","Brutality"],"picked":"SKIP","floor":23.0},{"not_picked":["Havoc+1","Wild Strike","Carnage"],"picked":"SKIP","floor":25.0},{"not_picked":["Seeing Red","Evolve"],"picked":"Heavy Blade","floor":28.0},{"not_picked":["Ghostly Armor","Iron Wave"],"picked":"Shrug It Off+1","floor":30.0},{"not_picked":["Rupture","Cleave","Anger"],"picked":"SKIP","floor":31.0},{"not_picked":["Demon Form","Juggernaut"],"picked":"Offering","floor":33.0},{"not_picked":[],"picked":"Heavy Blade","floor":35},{"not_picked":[],"picked":"Feel No Pain","floor":39},{"not_picked":[],"picked":"Dark Embrace","floor":41},{"not_picked":["Cleave"],"picked":"SKIP","floor":44},{"not_picked":["Bloodletting"],"picked":"SKIP","floor":45},{"not_picked":["Combust"],"picked":"SKIP","floor":46},{"not_picked":[],"picked":"Second Wind","floor":48}],"player_experience":5598361,"relics_obtained":[{"floor":6.0,"key":"Centennial Puzzle"},{"floor":9.0,"key":"Pen Nib"},{"floor":10.0,"key":"InkBottle"},{"floor":13.0,"key":"Lantern"},{"floor":23.0,"key":"Strawberry"},{"floor":26.0,"key":"Vajra"},{"floor":30.0,"key":"Sundial"},{"floor":43,"key":"FossilizedHelix"}],"event_choices":[{"damage_healed":0.0,"max_hp_gain":0.0,"max_hp_loss":0.0,"gold_gain":0.0,"event_name":"Wheel of Change","player_choice":"Cursed","floor":2.0,"gold_loss":0.0,"damage_taken":0.0,"cards_obtained":["Decay"]},{"damage_healed":0.0,"max_hp_gain":0.0,"max_hp_loss":0.0,"gold_gain":0.0,"event_name":"Shining Light","player_choice":"Ignored","floor":11.0,"gold_loss":0.0,"damage_taken":0.0},{"damage_healed":0.0,"max_hp_gain":0.0,"max_hp_loss":0.0,"gold_gain":0.0,"event_name":"Ghosts","player_choice":"Ignored","floor":20.0,"gold_loss":0.0,"damage_taken":0.0},{"damage_healed":0.0,"max_hp_gain":0.0,"max_hp_loss":0.0,"gold_gain":0.0,"event_name":"Duplicator","player_choice":"Copied","floor":21.0,"gold_loss":0.0,"damage_taken":0.0,"cards_obtained":["Feed"]},{"damage_healed":0,"gold_gain":0,"player_choice":"Ignored","damage_taken":0,"max_hp_gain":0,"max_hp_loss":0,"event_name":"Mysterious Sphere","floor":36,"gold_loss":0},{"damage_healed":0,"gold_gain":50,"player_choice":"Pray","damage_taken":0,"max_hp_gain":0,"max_hp_loss":0,"event_name":"Golden Shrine","floor":37,"gold_loss":0}],"is_beta":false,"boss_relics":[{"not_picked":["SlaversCollar","SacredBark"],"picked":"Snecko Eye"},{"not_picked":["Tiny House","Runic Dome"],"picked":"Busted Crown"}],"items_purged_floors":[22,38],"is_endless":false,"potions_floor_spawned":[3,5,6,10,14,18,30,33,35,39,45,48],"ascension_level":15}