{"gold_per_floor":[115,132,147,222,68,68,86,96,96,110,110,141,141,176,176,255,255,268,286,336,28,41,70,70,96,96,131,144,161,161,161,161,233,233,244,244,254,106,121,150,150,177,177,207,222,2,2,35,35,35],"floor_reached":51,"playtime":1878,"items_purged":["Strike_R"],"score":1555,"play_id":"758f1849-5938-4a58-a7db-c971186c3328","local_time":"20230515120638","is_ascension_mode":true,"campfire_choices":[{"data":"Bash","floor":6.0,"key":"SMITH"},{"data":"Uppercut","floor":11.0,"key":"SMITH"},{"data":"Whirlwind","floor":15.0,"key":"SMITH"},{"floor":32.0,"key":"REST"},{"data":"Offering","floor":47,"key":"SMITH"},{"data":"Flame Barrier","floor":49,"key":"SMITH"}],"neow_cost":"PERCENT_DAMAGE","seed_source_timestamp":98208563839800,"circlet_count":0,"master_deck":["AscendersBane","Strike_R+1","Defend_R+1","Defend_R+1","Defend_R+1","Defend_R+1","Bash+1","Twin Strike","Cleave","Whirlwind+1","Anger","Reaper","Uppercut+1","Inflame+1","Spot Weakness","Impervious","CurseOfTheBell","Battle Trance","Demon Form+1","Armaments+1","Dark Embrace+1","Ghostly Armor","Feel No Pain+1","Shrug It Off","Offering+1","Sword Boomerang+1","Flame Barrier+1","Second Wind+1","Shockwave+1","Feel No Pain+1","Flame Barrier+1"],"special_seed":0,"relics":["Burning Blood","Lantern","Blue Candle","Frozen Egg 2","Toy Ornithopter","Calling Bell","Orichalcum","Paper Frog","Calipers","Kunai","Akabeko","Juzu Bracelet","Tiny Chest","Cursed Key","Bag of Marbles","CaptainsWheel","Thread and Needle","Meat on the Bone","Bag of Preparation","Question Card"],"potions_floor_usage":[44,50,50],"damage_taken":[{"damage":9.0,"enemies":"Jaw Worm","floor":1.0,"turns":5.0},{"damage":0.0,"enemies":"Small Slimes","floor":2.0,"turns":3.0},{"damage":1.0,"enemies":"Cultist","floor":3.0,"turns":3.0},{"damage":18.0,"enemies":"Exordium Thugs","floor":7.0,"turns":5.0},{"damage":12.0,"enemies":"Gremlin Gang","floor":8.0,"turns":4.0},{"damage":10.0,"enemies":"3 Louse","floor":10.0,"turns":2.0},{"damage":8.0,"enemies":"Lagavulin","floor":12.0,"turns":7.0},{"damage":20.0,"enemies":"3 Sentries","floor":14.0,"turns":4.0},{"damage":0.0,"enemies":"Slime Boss","floor":16.0,"turns":8.0},{"damage":0.0,"enemies":"3 Byrds","floor":18.0,"turns":4.0},{"damage":11.0,"enemies":"Shell Parasite","floor":19.0,"turns":4.0},{"damage":41.0,"enemies":"Cultist and Chosen","floor":22.0,"turns":7.0},{"damage":29.0,"enemies":"Book of Stabbing","floor":23.0,"turns":4.0},{"damage":24.0,"enemies":"Gremlin Leader","floor":25.0,"turns":5.0},{"damage":13.0,"enemies":"Book of Stabbing","floor":27.0,"turns":4.0},{"damage":16.0,"enemies":"Snake Plant","floor":28.0,"turns":4.0},{"damage":13.0,"enemies":"Shelled Parasite and Fungi","floor":29.0,"turns":4.0},{"damage":84.0,"enemies":"Collector","floor":33.0,"turns":12.0},{"damage":4.0,"enemies":"Orb Walker","floor":35.0,"turns":4.0},{"damage":6.0,"enemies":"3 Shapes","floor":37.0,"turns":1.0},{"damage":10.0,"enemies":"Maw","floor":39.0,"turns":6.0},{"damage":31.0,"enemies":"Giant Head","floor":40.0,"turns":7.0},{"damage":36,"enemies":"Nemesis","floor":42,"turns":7},{"damage":24,"enemies":"Reptomancer","floor":44,"turns":5},{"damage":6,"enemies":"3 Darklings","floor":45,"turns":3},{"damage":7,"enemies":"Giant Head","floor":48,"turns":7},{"damage":52,"enemies":"Time Eater","floor":50,"turns":14}],"seed_played":"-3298047964141875016","potions_obtained":[{"floor":1.0,"key":"LiquidMemories"},{"floor":2.0,"key":"PowerPotion"},{"floor":7.0,"key":"HeartOfIron"},{"floor":8.0,"key":"Fire Potion"},{"floor":22.0,"key":"FearPotion"},{"floor":23.0,"key":"CultistPotion"},{"floor":25.0,"key":"Weak Potion"},{"floor":27.0,"key":"Strength Potion"},{"floor":35.0,"key":"Explosive Potion"},{"floor":42,"key":"PowerPotion"},{"floor":44,"key":"Swift Potion"},{"floor":48,"key":"HeartOfIron"}],"is_trial":false,"path_per_floor":["M","M","M","?","$","R","M","M","T","M","R","E","?","E","R","B",null,"M","M","?","$","M","E","$","E","T","E","M","M","?","?","R","B",null,"M","?","M","$","M","E","T","E","T","E","M","$","R","E","R","B",null],"character_chosen":"IRONCLAD","basemod:card_modifiers":[null,null,null,null,null,null,null,null,null,null,null,null,null,null,null,null,null,null,null,null,null,null,null,null,null,null,null,null,null,null,null],"items_purchased":["Lantern","DuplicationPotion","Demon Form+1","Bag of Marbles","Bag of Preparation","Feel No Pain+1"],"campfire_rested":1,"item_purchase_floors":[5,21,21,38,46,46],"current_hp_per_floor":[61,67,72,61,61,61,49,43,43,48,48,50,50,50,50,56,81,87,82,74,74,57,39,39,26,26,24,14,7,7,7,33,23,73,89,89,89,89,89,83,83,61,61,89,89,89,89,89,89,70],"gold":35,"neow_bonus":"TWENTY_PERCENT_HP_BONUS","is_prod":false,"is_daily":false,"chose_seed":false,"campfire_upgraded":5,"win_rate":0,"timestamp":1684177598,"path_taken":["M","M","M","?","$","R","M","M","T","M","R","E","?","E","R","BOSS","M","M","?","$","M","E","?","E","T","E","M","M","?","?","R","BOSS","M","?","M","$","M","E","?","E","T","E","M","$","R","E","R","BOSS"],"build_version":"2022-12-18","purchased_purges":1,"victory":true,"max_hp_per_floor":[89,89,89,89,89,89,89,89,89,89,89,89,89,89,89,89,89,89,89,89,89,89,89,89,89,89,89,89,89,89,89,89,89,89,89,89,89,89,89,89,89,89,89,89,89,89,89,89,89,89],"relic_stats":{"Calipers":[146],"counters":[27,143],"Blue Candle":[6],"Juzu Bracelet":2,"Bag of Preparation":[4],"Orichalcum":[216],"Cursed Key":0,"Question Card":0,"Burning Blood":136,"Tiny Chest":1,"Kunai":[14],"obtain_stats":[{"Lantern":5,"Calipers":17,"Blue Candle":9,"Thread and Needle":42,"Juzu Bracelet":26,"Bag of Preparation":46,"Frozen Egg 2":12,"Orichalcum":17,"Cursed Key":34,"Question Card":48,"Burning Blood":0,"Akabeko":25,"Calling Bell":17,"CaptainsWheel":40,"Tiny Chest":27,"Bag of Marbles":38,"Kunai":23,"Toy Ornithopter":14,"Paper Frog":17,"Meat on the Bone":44},{"Lantern":3,"Calipers":9,"Blue Candle":5,"Thread and Needle":23,"Juzu Bracelet":14,"Bag of Preparation":25,"Frozen Egg 2":7,"Orichalcum":9,"Cursed Key":18,"Question Card":26,"Burning Blood":0,"Akabeko":14,"Calling Bell":9,"CaptainsWheel":22,"Tiny Chest":15,"Bag of Marbles":20,"Kunai":13,"Toy Ornithopter":8,"Paper Frog":9,"Meat on the Bone":24},{"Lantern":11,"Calipers":41,"Blue Candle":20,"Thread and Needle":114,"Juzu Bracelet":65,"Bag of Preparation":122,"Frozen Egg 2":29,"Orichalcum":41,"Cursed Key":89,"Question Card":129,"Burning Blood":0,"Akabeko":65,"Calling Bell":41,"CaptainsWheel":107,"Tiny Chest":69,"Bag of Marbles":94,"Kunai":60,"Toy Ornithopter":33,"Paper Frog":41,"Meat on the Bone":119}],"Toy Ornithopter":31,"Meat on the Bone":0},"card_choices":[{"not_picked":["Ghostly Armor","True Grit"],"picked":"Twin Strike","floor":1.0},{"not_picked":["Burning Pact","Perfected Strike"],"picked":"Cleave","floor":2.0},{"not_picked":["Pummel","Entrench"],"picked":"Whirlwind","floor":3.0},{"not_picked":["Cleave","Flex"],"picked":"Anger","floor":7.0},{"not_picked":["Fire Breathing","Perfected Strike"],"picked":"Reaper","floor":8.0},{"not_picked":["Pummel","Havoc"],"picked":"Uppercut","floor":10.0},{"not_picked":["Rage","Bloodletting"],"picked":"Inflame+1","floor":12.0},{"not_picked":["Headbutt","Sever Soul"],"picked":"Spot Weakness","floor":14.0},{"not_picked":["Berserk+1","Bludgeon"],"picked":"Impervious","floor":16.0},{"not_picked":["Perfected Strike","Twin Strike","Cleave"],"picked":"SKIP","floor":18.0},{"not_picked":["Havoc","Armaments"],"picked":"Battle Trance","floor":19.0},{"not_picked":["Rampage","Clothesline","Warcry"],"picked":"SKIP","floor":22.0},{"not_picked":["Blood for Blood","Heavy Blade"],"picked":"Armaments+1","floor":23.0},{"not_picked":["Fiend Fire","Evolve+1"],"picked":"Dark Embrace+1","floor":25.0},{"not_picked":["Sword Boomerang","Clash"],"picked":"Ghostly Armor","floor":27.0},{"not_picked":["Havoc","Seeing Red"],"picked":"Feel No Pain+1","floor":28.0},{"not_picked":["Heavy Blade","Carnage"],"picked":"Shrug It Off","floor":29.0},{"not_picked":["Berserk+1","Limit Break"],"picked":"Offering","floor":33.0},{"not_picked":["Cleave+1","Body Slam"],"picked":"Sword Boomerang+1","floor":35.0},{"not_picked":["Iron Wave","Clothesline"],"picked":"Flame Barrier+1","floor":37.0},{"not_picked":["Body Slam+1","Reckless Charge+1","Cleave"],"picked":"SKIP","floor":39.0},{"not_picked":["Battle Trance","Clash+1","Hemokinesis"],"picked":"SKIP","floor":40.0},{"not_picked":["Infernal Blade","Clothesline"],"picked":"Second Wind+1","floor":42},{"not_picked":["Headbutt","Reckless Charge+1"],"picked":"Shockwave+1","floor":44},{"not_picked":["Fiend Fire","Blood for Blood","Cleave+1"],"picked":"SKIP","floor":45},{"not_picked":["Thunderclap","Dropkick"],"picked":"Flame Barrier","floor":48}],"player_experience":5593957,"relics_obtained":[{"floor":9.0,"key":"Blue Candle"},{"floor":12.0,"key":"Frozen Egg 2"},{"floor":14.0,"key":"Toy Ornithopter"},{"floor":17.0,"key":"Orichalcum"},{"floor":17.0,"key":"Paper Frog"},{"floor":17.0,"key":"Calipers"},{"floor":23.0,"key":"Kunai"},{"floor":25.0,"key":"Akabeko"},{"floor":26.0,"key":"Juzu Bracelet"},{"floor":27.0,"key":"Tiny Chest"},{"floor":40.0,"key":"CaptainsWheel"},{"floor":42,"key":"Thread and Needle"},{"floor":44,"key":"Meat on the Bone"},{"floor":48,"key":"Question Card"}],"event_choices":[{"damage_healed":0.0,"max_hp_gain":0.0,"max_hp_loss":0.0,"gold_gain":75.0,"event_name":"World of Goop","player_choice":"Gather Gold","floor":4.0,"gold_loss":0.0,"damage_taken":11.0},{"cards_removed":["Strike_R"],"damage_healed":0.0,"max_hp_gain":0.0,"max_hp_loss":0.0,"gold_gain":0.0,"event_name":"Living Wall","player_choice":"Forget","floor":13.0,"gold_loss":0.0,"damage_taken":0.0},{"damage_healed":0.0,"max_hp_gain":0.0,"max_hp_loss":0.0,"gold_gain":50.0,"event_name":"FaceTrader","player_choice":"Touch","floor":20.0,"gold_loss":0.0,"damage_taken":8.0},{"cards_removed":["Strike_R"],"damage_healed":0.0,"max_hp_gain":0.0,"max_hp_loss":0.0,"gold_gain":0.0,"event_name":"Purifier","player_choice":"Purged","floor":30.0,"gold_loss":0.0,"damage_taken":0.0},{"damage_healed":0.0,"max_hp_gain":0.0,"max_hp_loss":0.0,"gold_gain":0.0,"event_name":"Back to Basics","player_choice":"Simplicity","floor":31.0,"gold_loss":0.0,"damage_taken":0.0,"cards_upgraded":["Strike_R","Strike_R","Defend_R","Defend_R","Defend_R","Defend_R"]},{"cards_removed":["Strike_R"],"damage_healed":0.0,"max_hp_gain":0.0,"max_hp_loss":0.0,"gold_gain":0.0,"event_name":"Bonfire Elementals","player_choice":"Offered Basic","floor":36.0,"gold_loss":0.0,"damage_taken":0.0}],"is_beta":false,"boss_relics":[{"not_picked":["Empty Cage","Black Blood"],"picked":"Calling Bell"},{"not_picked":["Runic Cube","Astrolabe"],"picked":"Cursed Key"}],"items_purged_floors":[21],"is_endless":false,"potions_floor_spawned":[1,2,7,8,22,23,25,27,28,35,42,44,48],"ascension_level":15}