{"gold_per_floor":[131,162,192,279,311,323,353,399,436,448,474,517,529,552,564,655,667,699,722,734,751,751,776,776,807,807,807,807,827,840,853,853,932,932,947,960,465,1464,895,895,930,930,1006,1037,1057,1070,1090,403,403,403],"floor_reached":51,"playtime":2252,"items_purged":["Bite","Normality","Normality"],"score":1419,"play_id":"1813f48e-d1e6-4e91-b57c-a57b2f864923","local_time":"20230604203447","is_ascension_mode":true,"campfire_choices":[{"data":"Uppercut","floor":6.0,"key":"SMITH"},{"data":"Armaments","floor":10.0,"key":"SMITH"},{"data":"Anger","floor":13.0,"key":"SMITH"},{"floor":15.0,"key":"REST"},{"data":"Shrug It Off","floor":24.0,"key":"SMITH"},{"data":"Fiend Fire","floor":27,"key":"SMITH"},{"data":"Corruption","floor":32,"key":"SMITH"},{"floor":40,"key":"REST"},{"data":"Shockwave","floor":42,"key":"SMITH"},{"data":"Spot Weakness","floor":49,"key":"SMITH"}],"neow_cost":"NONE","seed_source_timestamp":181553644920400,"circlet_count":0,"master_deck":["AscendersBane","Defend_R","Defend_R","Defend_R","Defend_R","Bash","Sword Boomerang","Armaments+1","Uppercut+1","Anger+1","Rampage","Battle Trance","Twin Strike","Seeing Red","Feed","Shrug It Off+1","Bite","Bite","Bite","Bite","Ghostly Armor","Fiend Fire+1","Combust+1","Corruption+1","Reaper","Spot Weakness+1","Disarm","Dark Embrace","Master of Strategy","Good Instincts","Burning Pact","Shockwave+1","Feel No Pain","Shockwave+1","Spot Weakness+1","Feel No Pain","Pummel","Panacea"],"special_seed":0,"relics":["Burning Blood","PreservedInsect","Smiling Mask","Tiny Chest","Runic Pyramid","Nloth\u0027s Gift","Art of War","Red Skull","Sundial","Pantograph","Sozu","TheAbacus","TungstenRod","Centennial Puzzle","Omamori","StrikeDummy","Orichalcum","HandDrill","Regal Pillow","Strawberry"],"potions_floor_usage":[25,25,33,45,50],"damage_taken":[{"damage":2.0,"enemies":"2 Louse","floor":1.0,"turns":3.0},{"damage":12.0,"enemies":"Small Slimes","floor":2.0,"turns":4.0},{"damage":1.0,"enemies":"Cultist","floor":3.0,"turns":3.0},{"damage":9.0,"enemies":"Looter","floor":5.0,"turns":4.0},{"damage":11.0,"enemies":"3 Louse","floor":7.0,"turns":4.0},{"damage":15.0,"enemies":"Gremlin Nob","floor":8.0,"turns":4.0},{"damage":15.0,"enemies":"Gremlin Gang","floor":11.0,"turns":3.0},{"damage":20.0,"enemies":"3 Sentries","floor":12.0,"turns":7.0},{"damage":15.0,"enemies":"Exordium Thugs","floor":14.0,"turns":5.0},{"damage":23.0,"enemies":"Slime Boss","floor":16.0,"turns":8.0},{"damage":11.0,"enemies":"Shell Parasite","floor":18.0,"turns":6.0},{"damage":13.0,"enemies":"Spheric Guardian","floor":19.0,"turns":4.0},{"damage":7.0,"enemies":"Chosen and Byrds","floor":21.0,"turns":6.0},{"damage":39.0,"enemies":"Slavers","floor":23.0,"turns":6.0},{"damage":5,"enemies":"Gremlin Leader","floor":25,"turns":8},{"damage":15,"enemies":"Centurion and Healer","floor":29,"turns":8},{"damage":10,"enemies":"Cultist and Chosen","floor":30,"turns":8},{"damage":33,"enemies":"3 Cultists","floor":31,"turns":5},{"damage":52,"enemies":"Champ","floor":33,"turns":11},{"damage":72,"enemies":"3 Darklings","floor":35,"turns":5},{"damage":42,"enemies":"Orb Walker","floor":36,"turns":4},{"damage":2,"enemies":"Giant Head","floor":41,"turns":6},{"damage":61,"enemies":"Nemesis","floor":44,"turns":9},{"damage":25,"enemies":"Sphere and 2 Shapes","floor":45,"turns":4},{"damage":24,"enemies":"Jaw Worm Horde","floor":46,"turns":4},{"damage":0,"enemies":"Spire Growth","floor":47,"turns":3},{"damage":36,"enemies":"Donu and Deca","floor":50,"turns":8}],"seed_played":"-4114674854401613453","potions_obtained":[{"floor":1.0,"key":"Regen Potion"},{"floor":5.0,"key":"PowerPotion"},{"floor":8.0,"key":"Weak Potion"},{"floor":12.0,"key":"Regen Potion"},{"floor":18.0,"key":"DistilledChaos"},{"floor":23.0,"key":"EntropicBrew"},{"floor":29,"key":"ColorlessPotion"},{"floor":33,"key":"GamblersBrew"}],"is_trial":false,"path_per_floor":["M","M","M","?","M","R","M","E","T","R","M","E","R","M","R","B",null,"M","M","?","M","?","E","R","E","T","R","T","M","M","M","R","B",null,"M","M","$","?","$","R","E","R","T","E","M","M","M","$","R","B",null],"character_chosen":"IRONCLAD","basemod:card_modifiers":[null,null,null,null,null,null,null,null,null,null,null,null,null,null,null,null,null,null,null,null,null,null,null,null,null,null,null,null,null,null,null,null,null,null,null,null,null,null],"items_purchased":["Dark Embrace","TheAbacus","Master of Strategy","Good Instincts","TungstenRod","Centennial Puzzle","Burning Pact","Feel No Pain","HandDrill","Regal Pillow","Strawberry","Pummel","Panacea"],"campfire_rested":2,"item_purchase_floors":[37,37,37,37,39,39,39,48,48,48,48,48,48],"current_hp_per_floor":[72,66,71,60,57,57,52,55,55,55,46,32,32,37,59,42,67,66,63,63,65,60,42,42,62,62,62,62,68,72,56,56,45,68,46,30,30,30,30,54,86,86,86,49,51,46,73,80,80,109],"gold":403,"neow_bonus":"RANDOM_COMMON_RELIC","is_prod":false,"is_daily":false,"chose_seed":false,"campfire_upgraded":8,"win_rate":0,"timestamp":1685936087,"path_taken":["M","M","M","?","M","R","M","E","T","R","M","E","R","M","R","BOSS","M","M","?","?","?","E","R","E","T","R","?","?","M","M","R","BOSS","M","M","$","?","$","R","E","R","T","E","M","M","M","$","R","BOSS"],"build_version":"2022-12-18","purchased_purges":3,"victory":true,"max_hp_per_floor":[75,75,75,75,75,75,75,75,75,75,75,75,75,75,75,75,75,79,83,83,86,60,64,64,64,64,64,64,68,72,76,76,76,76,79,83,83,83,83,83,87,87,87,91,95,98,98,105,105,109],"relic_stats":{"Regal Pillow":0,"counters":[27,150],"PreservedInsect":306,"Omamori":0,"Orichalcum":[12],"Smiling Mask":150,"Burning Blood":144,"Sozu":3,"Centennial Puzzle":[15],"TheAbacus":[36],"Sundial":[8],"Pantograph":45,"Tiny Chest":1,"Nloth\u0027s Gift":6,"Art of War":[6],"HandDrill":[8],"obtain_stats":[{"Regal Pillow":48,"PreservedInsect":8,"Omamori":41,"Orichalcum":44,"MawBank":0,"Smiling Mask":9,"Burning Blood":0,"Sozu":34,"Centennial Puzzle":39,"TheAbacus":37,"Sundial":26,"Pantograph":28,"Strawberry":48,"Tiny Chest":12,"Nloth\u0027s Gift":20,"Art of War":23,"HandDrill":48,"StrikeDummy":43,"Red Skull":25,"TungstenRod":39,"Runic Pyramid":17},{"Regal Pillow":26,"PreservedInsect":6,"Omamori":22,"Orichalcum":23,"MawBank":0,"Smiling Mask":6,"Burning Blood":0,"Sozu":19,"Centennial Puzzle":21,"TheAbacus":21,"Sundial":15,"Pantograph":15,"Strawberry":26,"Tiny Chest":8,"Nloth\u0027s Gift":12,"Art of War":14,"HandDrill":26,"StrikeDummy":22,"Red Skull":15,"TungstenRod":21,"Runic Pyramid":10},{"Regal Pillow":142,"PreservedInsect":22,"Omamori":122,"Orichalcum":131,"MawBank":0,"Smiling Mask":22,"Burning Blood":0,"Sozu":107,"Centennial Puzzle":116,"TheAbacus":116,"Sundial":75,"Pantograph":75,"Strawberry":142,"Tiny Chest":32,"Nloth\u0027s Gift":55,"Art of War":67,"HandDrill":142,"StrikeDummy":122,"Red Skull":75,"TungstenRod":116,"Runic Pyramid":45}],"TungstenRod":43},"card_choices":[{"not_picked":["Intimidate","Rupture"],"picked":"Sword Boomerang","floor":1.0},{"not_picked":["Perfected Strike","Sword Boomerang"],"picked":"Armaments","floor":2.0},{"not_picked":["Armaments","Pommel Strike"],"picked":"Uppercut","floor":3.0},{"not_picked":["Twin Strike","Rage"],"picked":"Anger","floor":5.0},{"not_picked":["Pommel Strike","Headbutt"],"picked":"Rampage","floor":7.0},{"not_picked":["Headbutt","Limit Break"],"picked":"Battle Trance","floor":8.0},{"not_picked":["Armaments","Rupture","Wild Strike"],"picked":"SKIP","floor":11.0},{"not_picked":["Burning Pact","Wild Strike"],"picked":"Twin Strike","floor":12.0},{"not_picked":["Armaments","Body Slam"],"picked":"Seeing Red","floor":14.0},{"not_picked":["Impervious","Brutality"],"picked":"Feed","floor":16.0},{"not_picked":["Wild Strike+1","Rupture","Iron Wave"],"picked":"SKIP","floor":18.0},{"not_picked":["True Grit","Sword Boomerang"],"picked":"Shrug It Off","floor":19.0},{"not_picked":["Anger","Perfected Strike","Wild Strike"],"picked":"SKIP","floor":21.0},{"not_picked":["Cleave","Pommel Strike"],"picked":"Ghostly Armor","floor":23.0},{"not_picked":["Offering","True Grit"],"picked":"Fiend Fire","floor":25},{"not_picked":["Body Slam","Perfected Strike","Headbutt"],"picked":"SKIP","floor":29},{"not_picked":["Carnage","Cleave"],"picked":"Combust+1","floor":30},{"not_picked":["Heavy Blade","Wild Strike"],"picked":"Corruption","floor":31},{"not_picked":["Corruption","Brutality"],"picked":"Reaper","floor":33},{"not_picked":["Shrug It Off","Flex"],"picked":"Spot Weakness","floor":35},{"not_picked":["Pommel Strike","Perfected Strike"],"picked":"Disarm","floor":36},{"not_picked":["Clash","Fire Breathing"],"picked":"Shockwave","floor":41},{"not_picked":["Brutality","Infernal Blade"],"picked":"Feel No Pain","floor":44},{"not_picked":["Feed","Pommel Strike"],"picked":"Shockwave+1","floor":45},{"not_picked":["Thunderclap","Demon Form"],"picked":"Spot Weakness+1","floor":46},{"not_picked":["Ghostly Armor","Fiend Fire","Dual Wield+1"],"picked":"SKIP","floor":47}],"player_experience":5614750,"relics_obtained":[{"floor":8.0,"key":"PreservedInsect"},{"floor":9.0,"key":"Smiling Mask"},{"floor":12.0,"key":"Tiny Chest"},{"floor":23.0,"key":"Art of War"},{"floor":25,"key":"Red Skull"},{"floor":26,"key":"Sundial"},{"floor":28,"key":"Pantograph"},{"floor":41,"key":"Omamori"},{"floor":43,"key":"StrikeDummy"},{"floor":44,"key":"Orichalcum"}],"event_choices":[{"damage_healed":0.0,"max_hp_gain":0.0,"max_hp_loss":0.0,"gold_gain":75.0,"event_name":"World of Goop","player_choice":"Gather Gold","floor":4.0,"gold_loss":0.0,"damage_taken":11.0},{"damage_healed":0.0,"max_hp_gain":0.0,"max_hp_loss":0.0,"gold_gain":0.0,"event_name":"N\u0027loth","player_choice":"Traded Relic","floor":20.0,"relics_lost":["MawBank"],"gold_loss":0.0,"damage_taken":0.0,"relics_obtained":["Nloth\u0027s Gift"]},{"damage_healed":0.0,"max_hp_gain":0.0,"max_hp_loss":26.0,"gold_gain":0.0,"event_name":"Vampires","player_choice":"Became a vampire","floor":22.0,"gold_loss":0.0,"damage_taken":0.0,"cards_obtained":["Bite","Bite","Bite","Bite","Bite"]},{"damage_healed":0,"gold_gain":999,"player_choice":"Gold","damage_taken":0,"max_hp_gain":0,"max_hp_loss":0,"event_name":"MindBloom","floor":38,"gold_loss":0,"cards_obtained":["Normality","Normality"]}],"is_beta":false,"boss_relics":[{"not_picked":["Runic Cube","Busted Crown"],"picked":"Runic Pyramid"},{"not_picked":["Black Star","Black Blood"],"picked":"Sozu"}],"items_purged_floors":[37,39,48],"is_endless":false,"potions_floor_spawned":[1,5,8,12,18,23,29,33,41,45,47],"ascension_level":15}