{"gold_per_floor":[119,132,142,142,142,142,175,175,175,201,211,238,254,179,179,250,250,266,266,278,291,309,337,354,354,354,380,380,422,322,342,342,428,428,453,328,328,352,376,411,411,439,439,458,475,506,18,28,28,28],"floor_reached":51,"playtime":2092,"items_purged":["Strike_R","Fire Breathing","Strike_R","Strike_R"],"score":1465,"play_id":"7367d052-eac8-445a-8b7f-d0de4242ab94","local_time":"20230616142939","is_ascension_mode":true,"campfire_choices":[{"data":"Bash","floor":6.0,"key":"SMITH"},{"data":"Rage","floor":8.0,"key":"SMITH"},{"data":"Combust","floor":15.0,"key":"SMITH"},{"floor":25.0,"key":"REST"},{"data":"Inflame","floor":32.0,"key":"SMITH"},{"data":"Limit Break","floor":41.0,"key":"SMITH"},{"data":"Armaments","floor":49,"key":"SMITH"}],"neow_cost":"PERCENT_DAMAGE","seed_source_timestamp":0,"circlet_count":0,"master_deck":["AscendersBane","Strike_R","Strike_R","Defend_R","Defend_R","Defend_R","Bash+1","Pommel Strike","Rage+1","Sword Boomerang","Blood for Blood","Anger","Combust+1","Inflame+1","Impervious","Pommel Strike","Battle Trance","Power Through","Uppercut","Disarm","Feed","Impervious","Limit Break+1","Flame Barrier","Disarm+1","Pommel Strike+1","Feel No Pain","Armaments+1"],"special_seed":0,"relics":["Burning Blood","InkBottle","Matryoshka","CaptainsWheel","Torii","Philosopher\u0027s Stone","Nloth\u0027s Gift","Paper Frog","StrikeDummy","StoneCalendar","Bird Faced Urn","Nilry\u0027s Codex","CeramicFish","Sozu","Gremlin Horn","HornCleat","Shuriken","Omamori","Charon\u0027s Ashes","Bag of Marbles","Lantern"],"potions_floor_usage":[],"damage_taken":[{"damage":4.0,"enemies":"Small Slimes","floor":1.0,"turns":5.0},{"damage":7.0,"enemies":"2 Louse","floor":2.0,"turns":3.0},{"damage":8.0,"enemies":"Jaw Worm","floor":3.0,"turns":4.0},{"damage":48.0,"enemies":"Lagavulin","floor":7.0,"turns":6.0},{"damage":32.0,"enemies":"Gremlin Nob","floor":10.0,"turns":5.0},{"damage":17.0,"enemies":"Lots of Slimes","floor":11.0,"turns":5.0},{"damage":15.0,"enemies":"3 Sentries","floor":12.0,"turns":4.0},{"damage":1.0,"enemies":"Looter","floor":13.0,"turns":4.0},{"damage":14.0,"enemies":"Slime Boss","floor":16.0,"turns":6.0},{"damage":2.0,"enemies":"2 Thieves","floor":18.0,"turns":4.0},{"damage":3.0,"enemies":"Spheric Guardian","floor":20.0,"turns":4.0},{"damage":16.0,"enemies":"Cultist and Chosen","floor":21.0,"turns":5.0},{"damage":1.0,"enemies":"Snecko","floor":22.0,"turns":4.0},{"damage":46.0,"enemies":"Book of Stabbing","floor":23.0,"turns":5.0},{"damage":3.0,"enemies":"Centurion and Healer","floor":24.0,"turns":4.0},{"damage":5.0,"enemies":"Gremlin Leader","floor":27.0,"turns":6.0},{"damage":24.0,"enemies":"Slavers","floor":29.0,"turns":4.0},{"damage":0.0,"enemies":"Chosen and Byrds","floor":31.0,"turns":4.0},{"damage":32.0,"enemies":"Champ","floor":33.0,"turns":8.0},{"damage":3.0,"enemies":"3 Shapes","floor":35.0,"turns":3.0},{"damage":9.0,"enemies":"Orb Walker","floor":38.0,"turns":4.0},{"damage":14.0,"enemies":"Transient","floor":39.0,"turns":5.0},{"damage":28.0,"enemies":"Nemesis","floor":40.0,"turns":7.0},{"damage":34.0,"enemies":"Reptomancer","floor":42.0,"turns":4.0},{"damage":3,"enemies":"Maw","floor":44,"turns":6},{"damage":2,"enemies":"3 Darklings","floor":45,"turns":5},{"damage":20,"enemies":"Giant Head","floor":46,"turns":6},{"damage":4,"enemies":"Writhing Mass","floor":48,"turns":6},{"damage":70,"enemies":"Time Eater","floor":50,"turns":10}],"seed_played":"4947647421398261089","potions_obtained":[{"floor":1.0,"key":"BloodPotion"},{"floor":12.0,"key":"SpeedPotion"},{"floor":13.0,"key":"Regen Potion"},{"floor":18.0,"key":"Swift Potion"},{"floor":20.0,"key":"FearPotion"},{"floor":27.0,"key":"FairyPotion"},{"floor":29.0,"key":"DuplicationPotion"}],"is_trial":false,"path_per_floor":["M","M","M","?","?","R","E","R","T","E","M","E","M","$","R","B",null,"M","?","M","M","M","E","M","R","T","E","?","E","$","M","R","B",null,"M","$","?","M","M","E","R","E","T","M","M","E","$","M","R","B",null],"character_chosen":"IRONCLAD","basemod:card_modifiers":[null,null,null,null,null,null,null,null,null,null,null,null,null,null,null,null,null,null,null,null,null,null,null,null,null,null,null,null],"items_purchased":["Bag of Marbles","Lantern","Armaments"],"campfire_rested":1,"item_purchase_floors":[47,47,47],"current_hp_per_floor":[52,51,49,49,54,54,12,12,12,30,19,10,31,31,31,23,66,80,80,80,70,75,35,38,62,62,63,42,31,31,42,42,22,70,80,80,80,84,80,62,62,40,40,49,59,54,54,64,64,34],"gold":28,"neow_bonus":"ONE_RARE_RELIC","is_prod":false,"is_daily":false,"chose_seed":false,"campfire_upgraded":6,"win_rate":0,"timestamp":1686950979,"path_taken":["M","M","M","?","?","R","E","R","T","E","M","E","M","$","R","BOSS","M","?","M","?","M","E","M","R","T","E","?","E","$","M","R","BOSS","M","$","?","M","M","E","R","E","T","M","M","E","$","M","R","BOSS"],"build_version":"2022-12-18","purchased_purges":4,"victory":true,"max_hp_per_floor":[75,75,75,75,80,80,80,80,80,80,80,80,80,80,80,80,80,80,80,80,80,80,80,80,80,80,80,80,83,83,86,86,86,86,89,89,89,92,92,92,92,92,92,92,92,95,95,95,95,95],"relic_stats":{"Torii":50,"Gremlin Horn":[6,7],"counters":[29,146],"Nilry\u0027s Codex":[8,11,11,31],"CeramicFish":63,"StoneCalendar":[104],"Charon\u0027s Ashes":[36],"Omamori":0,"Burning Blood":169,"Sozu":5,"Matryoshka":2,"Shuriken":[10],"Bird Faced Urn":[66],"Nloth\u0027s Gift":6,"obtain_stats":[{"Lantern":47,"Torii":12,"Gremlin Horn":40,"Nilry\u0027s Codex":28,"CeramicFish":29,"StoneCalendar":26,"Charon\u0027s Ashes":46,"Omamori":43,"Burning Blood":0,"Sozu":34,"Lizard Tail":0,"CaptainsWheel":10,"Matryoshka":9,"HornCleat":42,"Shuriken":43,"Bird Faced Urn":27,"Philosopher\u0027s Stone":17,"Nloth\u0027s Gift":19,"Bag of Marbles":47,"StrikeDummy":26,"InkBottle":7,"Paper Frog":23},{"Lantern":27,"Torii":7,"Gremlin Horn":23,"Nilry\u0027s Codex":16,"CeramicFish":17,"StoneCalendar":15,"Charon\u0027s Ashes":27,"Omamori":24,"Burning Blood":0,"Sozu":19,"Lizard Tail":0,"CaptainsWheel":5,"Matryoshka":4,"HornCleat":24,"Shuriken":24,"Bird Faced Urn":16,"Philosopher\u0027s Stone":9,"Nloth\u0027s Gift":10,"Bag of Marbles":27,"StrikeDummy":15,"InkBottle":4,"Paper Frog":14},{"Lantern":130,"Torii":32,"Gremlin Horn":109,"Nilry\u0027s Codex":74,"CeramicFish":78,"StoneCalendar":68,"Charon\u0027s Ashes":130,"Omamori":113,"Burning Blood":0,"Sozu":90,"Lizard Tail":0,"CaptainsWheel":23,"Matryoshka":18,"HornCleat":113,"Shuriken":113,"Bird Faced Urn":74,"Philosopher\u0027s Stone":42,"Nloth\u0027s Gift":46,"Bag of Marbles":130,"StrikeDummy":68,"InkBottle":18,"Paper Frog":64}],"InkBottle":[42]},"card_choices":[{"not_picked":["Bloodletting","Clash"],"picked":"Pommel Strike","floor":1.0},{"not_picked":["Warcry","Sword Boomerang"],"picked":"Fire Breathing","floor":2.0},{"not_picked":["Pummel","Evolve"],"picked":"Rage","floor":3.0},{"not_picked":["Heavy Blade","Dark Embrace"],"picked":"Sword Boomerang","floor":7.0},{"not_picked":["Clash","Sever Soul"],"picked":"Blood for Blood","floor":10.0},{"not_picked":["Cleave","Heavy Blade"],"picked":"Anger","floor":11.0},{"not_picked":["Thunderclap","Feel No Pain"],"picked":"Combust","floor":12.0},{"not_picked":["Flex","Armaments"],"picked":"Inflame","floor":13.0},{"not_picked":["Double Tap","Exhume"],"picked":"Impervious","floor":16.0},{"not_picked":["Dual Wield","Wild Strike+1"],"picked":"Pommel Strike","floor":18.0},{"not_picked":["Iron Wave","Havoc"],"picked":"Battle Trance","floor":20.0},{"not_picked":["Uppercut","Inflame"],"picked":"Power Through","floor":21.0},{"not_picked":["Anger","Sword Boomerang","Battle Trance+1"],"picked":"SKIP","floor":22.0},{"not_picked":["Metallicize","Dual Wield"],"picked":"Uppercut","floor":23.0},{"not_picked":["Shrug It Off","Power Through+1"],"picked":"Disarm","floor":24.0},{"not_picked":["Flex","Metallicize"],"picked":"Feed","floor":27.0},{"not_picked":["Blood for Blood","Twin Strike"],"picked":"Impervious","floor":29.0},{"not_picked":["Sword Boomerang","Anger","Dark Embrace"],"picked":"SKIP","floor":31.0},{"not_picked":["Demon Form","Juggernaut"],"picked":"Limit Break","floor":33.0},{"not_picked":["Wild Strike+1","Sword Boomerang"],"picked":"Flame Barrier","floor":35.0},{"not_picked":["Clothesline","Power Through+1"],"picked":"Disarm+1","floor":38.0},{"not_picked":["Twin Strike","Juggernaut"],"picked":"Pommel Strike+1","floor":39.0},{"not_picked":["Hemokinesis","Thunderclap+1"],"picked":"Feel No Pain","floor":40.0},{"not_picked":["Inflame","Feel No Pain","Juggernaut"],"picked":"SKIP","floor":42.0},{"not_picked":["Clothesline","Armaments","Cleave"],"picked":"SKIP","floor":44},{"not_picked":["Heavy Blade","Bludgeon","Thunderclap"],"picked":"SKIP","floor":45},{"not_picked":["Cleave","Demon Form","Blood for Blood+1"],"picked":"SKIP","floor":46},{"not_picked":["Uppercut","Sword Boomerang","Armaments"],"picked":"SKIP","floor":48}],"player_experience":5652861,"relics_obtained":[{"floor":7.0,"key":"InkBottle"},{"floor":9.0,"key":"Matryoshka"},{"floor":10.0,"key":"CaptainsWheel"},{"floor":12.0,"key":"Torii"},{"floor":23.0,"key":"Paper Frog"},{"floor":26.0,"key":"StrikeDummy"},{"floor":26.0,"key":"StoneCalendar"},{"floor":27.0,"key":"Bird Faced Urn"},{"floor":28.0,"key":"Nilry\u0027s Codex"},{"floor":29.0,"key":"CeramicFish"},{"floor":40.0,"key":"Gremlin Horn"},{"floor":42.0,"key":"HornCleat"},{"floor":43,"key":"Shuriken"},{"floor":43,"key":"Omamori"},{"floor":46,"key":"Charon\u0027s Ashes"}],"event_choices":[{"damage_healed":0.0,"max_hp_gain":0.0,"max_hp_loss":0.0,"gold_gain":0.0,"event_name":"Golden Wing","player_choice":"Ignored","floor":4.0,"gold_loss":0.0,"damage_taken":0.0},{"damage_healed":0.0,"max_hp_gain":5.0,"max_hp_loss":0.0,"gold_gain":0.0,"event_name":"Big Fish","player_choice":"Donut","floor":5.0,"gold_loss":0.0,"damage_taken":0.0},{"damage_healed":0.0,"max_hp_gain":0.0,"max_hp_loss":0.0,"gold_gain":0.0,"event_name":"N\u0027loth","player_choice":"Traded Relic","floor":19.0,"relics_lost":["Lizard Tail"],"gold_loss":0.0,"damage_taken":0.0,"relics_obtained":["Nloth\u0027s Gift"]},{"damage_healed":0.0,"max_hp_gain":0.0,"max_hp_loss":0.0,"gold_gain":0.0,"event_name":"Cursed Tome","player_choice":"Obtained Book","floor":28.0,"gold_loss":0.0,"damage_taken":21.0},{"cards_removed":["Defend_R"],"damage_healed":0.0,"max_hp_gain":0.0,"max_hp_loss":0.0,"gold_gain":0.0,"event_name":"Falling","player_choice":"Removed Skill","floor":37.0,"gold_loss":0.0,"damage_taken":0.0}],"is_beta":false,"boss_relics":[{"not_picked":["Ectoplasm","Pandora\u0027s Box"],"picked":"Philosopher\u0027s Stone"},{"not_picked":["Runic Cube","Mark of Pain"],"picked":"Sozu"}],"items_purged_floors":[14,30,36,47],"is_endless":false,"potions_floor_spawned":[1,12,13,18,20,27,29,39,40,44,45,48],"ascension_level":15}