{"gold_per_floor":[212,232,26,45,10,38,38,71,98,127,127,160,235,253,253,329,329,342,117,117,127,127,127,160,174,197,207,223,255,255,10,10,89,89,102,1101,381,381,399,433,433,467,515,528,560,575,23,39,39,39],"floor_reached":51,"playtime":1447,"items_purged":["Strike_R","Strike_R","Strike_R","Strike_R"],"score":1524,"play_id":"ba1321fc-baf2-4eb8-bcb6-78a577f32f6e","local_time":"20230611152953","is_ascension_mode":true,"campfire_choices":[{"data":"Hemokinesis","floor":7.0,"key":"SMITH"},{"floor":11.0,"key":"REST"},{"data":"Inflame","floor":15.0,"key":"SMITH"},{"data":"Offering","floor":23.0,"key":"SMITH"},{"data":"Limit Break","floor":32.0,"key":"SMITH"},{"data":"Corruption","floor":41,"key":"SMITH"},{"data":"Apotheosis","floor":49,"key":"SMITH"}],"neow_cost":"NONE","seed_source_timestamp":165069299938100,"circlet_count":0,"master_deck":["AscendersBane","Strike_R+1","Defend_R","Defend_R","Defend_R+1","Defend_R","Bash","Spot Weakness+1","Anger","Hemokinesis+1","Limit Break+1","Inflame+1","Offering+1","Heavy Blade","Twin Strike+1","Reaper","Sword Boomerang","Double Tap","Uppercut","Pummel","Battle Trance+1","Spot Weakness","Corruption+1","Whirlwind+1","Apotheosis+1","Disarm"],"special_seed":0,"relics":["Burning Blood","Bag of Marbles","Regal Pillow","Boot","War Paint","Nunchaku","Strawberry","Philosopher\u0027s Stone","Whetstone","Bird Faced Urn","Bag of Preparation","Omamori","PreservedInsect","Runic Pyramid","Pear","Pen Nib","Oddly Smooth Stone","Frozen Egg 2","Lantern","The Courier","PrismaticShard","Gremlin Horn","Anchor"],"potions_floor_usage":[50,50],"damage_taken":[{"damage":11.0,"enemies":"Cultist","floor":1.0,"turns":4.0},{"damage":8.0,"enemies":"2 Louse","floor":2.0,"turns":3.0},{"damage":5.0,"enemies":"Small Slimes","floor":4.0,"turns":3.0},{"damage":37.0,"enemies":"Lagavulin","floor":6.0,"turns":6.0},{"damage":22.0,"enemies":"3 Sentries","floor":8.0,"turns":6.0},{"damage":20.0,"enemies":"Gremlin Nob","floor":10.0,"turns":3.0},{"damage":16.0,"enemies":"3 Sentries","floor":12.0,"turns":5.0},{"damage":6.0,"enemies":"Looter","floor":14.0,"turns":1.0},{"damage":32.0,"enemies":"Hexaghost","floor":16.0,"turns":7.0},{"damage":8.0,"enemies":"Spheric Guardian","floor":18.0,"turns":3.0},{"damage":8.0,"enemies":"Shell Parasite","floor":21.0,"turns":1.0},{"damage":19.0,"enemies":"Gremlin Leader","floor":24.0,"turns":4.0},{"damage":17.0,"enemies":"Cultist and Chosen","floor":25.0,"turns":4.0},{"damage":0.0,"enemies":"Snake Plant","floor":27.0,"turns":1.0},{"damage":2.0,"enemies":"Centurion and Healer","floor":28.0,"turns":3.0},{"damage":33.0,"enemies":"Slavers","floor":29.0,"turns":4.0},{"damage":35.0,"enemies":"Champ","floor":33.0,"turns":4.0},{"damage":1.0,"enemies":"Orb Walker","floor":35.0,"turns":2.0},{"damage":18,"enemies":"3 Darklings","floor":39,"turns":2},{"damage":6,"enemies":"Reptomancer","floor":40,"turns":2},{"damage":6,"enemies":"Nemesis","floor":42,"turns":3},{"damage":0,"enemies":"4 Shapes","floor":44,"turns":3},{"damage":0,"enemies":"Reptomancer","floor":45,"turns":2},{"damage":8,"enemies":"Maw","floor":46,"turns":4},{"damage":6,"enemies":"Jaw Worm Horde","floor":48,"turns":1},{"damage":46,"enemies":"Awakened One","floor":50,"turns":5}],"seed_played":"4467043299578696403","potions_obtained":[{"floor":1.0,"key":"Swift Potion"},{"floor":6.0,"key":"PowerPotion"},{"floor":8.0,"key":"Fire Potion"},{"floor":14.0,"key":"Strength Potion"},{"floor":18.0,"key":"Ancient Potion"},{"floor":24.0,"key":"DuplicationPotion"},{"floor":27.0,"key":"SkillPotion"},{"floor":29.0,"key":"SpeedPotion"}],"is_trial":false,"path_per_floor":["M","M","$","M","?","E","R","E","T","E","R","E","?","M","R","B",null,"M","$","?","M","?","R","E","M","T","M","M","E","?","$","R","B",null,"M","?","$","?","M","E","R","E","T","M","E","M","$","M","R","B",null],"character_chosen":"IRONCLAD","basemod:card_modifiers":[null,null,null,null,null,null,null,null,null,null,null,null,null,null,null,null,null,null,null,null,null,null,null,null,null,null],"items_purchased":["Strength Potion","Bag of Marbles","Whetstone","PreservedInsect","Pear","Apotheosis","Pen Nib","PrismaticShard","Gremlin Horn","Anchor"],"campfire_rested":1,"item_purchase_floors":[3,3,19,31,37,37,37,47,47,47],"current_hp_per_floor":[63,61,61,62,75,44,44,28,28,14,51,48,37,37,37,11,64,62,62,62,60,60,60,63,66,66,72,82,79,79,79,79,52,75,80,80,90,90,80,84,84,88,88,92,92,92,92,92,92,92],"gold":39,"neow_bonus":"HUNDRED_GOLD","is_prod":false,"is_daily":false,"chose_seed":false,"campfire_upgraded":6,"win_rate":0,"timestamp":1686522593,"path_taken":["M","M","$","?","?","E","R","E","T","E","R","E","?","M","R","BOSS","M","$","?","M","?","R","E","M","T","M","M","E","?","$","R","BOSS","M","?","$","?","M","E","R","E","T","M","E","M","$","?","R","BOSS"],"build_version":"2022-12-18","purchased_purges":4,"victory":true,"max_hp_per_floor":[75,75,75,75,75,75,75,75,75,75,75,82,82,82,82,82,82,82,82,82,82,82,82,82,82,82,82,82,82,82,82,82,82,82,82,82,92,92,92,92,92,92,92,92,92,92,92,92,92,92],"relic_stats":{"Regal Pillow":15,"Gremlin Horn":[4,4],"counters":[26,86],"PreservedInsect":172,"Pen Nib":[4],"The Courier":138,"Bag of Preparation":[26],"Omamori":2,"Whetstone":["Strike_R","Twin Strike"],"War Paint":["Defend_R","Spot Weakness"],"Boot":[14],"Burning Blood":132,"Nunchaku":[13],"Bird Faced Urn":[26],"obtain_stats":[{"Regal Pillow":6,"Lantern":43,"Pear":37,"Gremlin Horn":47,"Oddly Smooth Stone":40,"PreservedInsect":31,"Pen Nib":37,"The Courier":45,"Bag of Preparation":26,"Omamori":29,"Whetstone":19,"War Paint":9,"Frozen Egg 2":42,"Boot":8,"PrismaticShard":47,"Burning Blood":0,"Nunchaku":10,"Anchor":47,"Strawberry":12,"Bird Faced Urn":24,"Philosopher\u0027s Stone":17,"Bag of Marbles":3,"Runic Pyramid":34},{"Regal Pillow":4,"Lantern":21,"Pear":18,"Gremlin Horn":24,"Oddly Smooth Stone":20,"PreservedInsect":16,"Pen Nib":18,"The Courier":23,"Bag of Preparation":13,"Omamori":16,"Whetstone":10,"War Paint":5,"Frozen Egg 2":21,"Boot":5,"PrismaticShard":24,"Burning Blood":0,"Nunchaku":6,"Anchor":24,"Strawberry":7,"Bird Faced Urn":12,"Philosopher\u0027s Stone":9,"Bag of Marbles":2,"Runic Pyramid":17},{"Regal Pillow":16,"Lantern":71,"Pear":64,"Gremlin Horn":80,"Oddly Smooth Stone":68,"PreservedInsect":58,"Pen Nib":64,"The Courier":76,"Bag of Preparation":50,"Omamori":58,"Whetstone":41,"War Paint":22,"Frozen Egg 2":71,"Boot":22,"PrismaticShard":80,"Burning Blood":0,"Nunchaku":25,"Anchor":80,"Strawberry":30,"Bird Faced Urn":46,"Philosopher\u0027s Stone":38,"Bag of Marbles":7,"Runic Pyramid":62}]},"card_choices":[{"not_picked":["Seeing Red","Carnage"],"picked":"Spot Weakness","floor":1.0},{"not_picked":["Headbutt","Perfected Strike"],"picked":"Anger","floor":2.0},{"not_picked":["Pommel Strike","Intimidate"],"picked":"Hemokinesis","floor":4.0},{"not_picked":["Body Slam","Dropkick"],"picked":"Limit Break","floor":6.0},{"not_picked":["Barricade","True Grit"],"picked":"Inflame","floor":8.0},{"not_picked":["Pommel Strike","Disarm"],"picked":"Offering","floor":10.0},{"not_picked":["Pommel Strike","Entrench"],"picked":"Heavy Blade","floor":12.0},{"not_picked":["Iron Wave","Body Slam"],"picked":"Twin Strike","floor":14.0},{"not_picked":["Corruption","Barricade"],"picked":"Reaper","floor":16.0},{"not_picked":["Spot Weakness","Metallicize"],"picked":"Sword Boomerang","floor":18.0},{"not_picked":["Dropkick","True Grit","Wild Strike"],"picked":"SKIP","floor":21.0},{"not_picked":["Body Slam","Anger"],"picked":"Double Tap","floor":24.0},{"not_picked":["Sentinel","Clothesline"],"picked":"Uppercut","floor":25.0},{"not_picked":["Flex","Wild Strike"],"picked":"Pummel","floor":27.0},{"not_picked":["Sentinel+1","Perfected Strike"],"picked":"Battle Trance+1","floor":28.0},{"not_picked":["Infernal Blade","Thunderclap","Rage"],"picked":"SKIP","floor":29.0},{"not_picked":["Fiend Fire","Offering"],"picked":"Corruption","floor":33.0},{"not_picked":["Perfected Strike","Thunderclap"],"picked":"Whirlwind+1","floor":35.0},{"not_picked":["Wild Strike","Havoc","Anger"],"picked":"SKIP","floor":39},{"not_picked":["Headbutt","Rupture","Rampage"],"picked":"SKIP","floor":40},{"not_picked":["Second Wind","Fiend Fire"],"picked":"Disarm","floor":42},{"not_picked":["Spot Weakness","Infernal Blade","Perfected Strike"],"picked":"SKIP","floor":44},{"not_picked":["Wild Strike","Juggernaut+1","Clothesline+1"],"picked":"SKIP","floor":45},{"not_picked":["Havoc","Warcry+1","Heavy Blade"],"picked":"SKIP","floor":46},{"not_picked":["Prepared","Dual Wield","Deadly Poison"],"picked":"SKIP","floor":48}],"player_experience":5640029,"relics_obtained":[{"floor":6.0,"key":"Regal Pillow"},{"floor":8.0,"key":"Boot"},{"floor":9.0,"key":"War Paint"},{"floor":10.0,"key":"Nunchaku"},{"floor":12.0,"key":"Strawberry"},{"floor":24.0,"key":"Bird Faced Urn"},{"floor":26.0,"key":"Bag of Preparation"},{"floor":29.0,"key":"Omamori"},{"floor":40,"key":"Oddly Smooth Stone"},{"floor":42,"key":"Frozen Egg 2"},{"floor":43,"key":"Lantern"},{"floor":45,"key":"The Courier"}],"event_choices":[{"damage_healed":18.0,"max_hp_gain":0.0,"max_hp_loss":0.0,"gold_gain":0.0,"event_name":"The Cleric","player_choice":"Healed","floor":5.0,"gold_loss":35.0,"damage_taken":0.0},{"damage_healed":0.0,"max_hp_gain":0.0,"max_hp_loss":0.0,"gold_gain":75.0,"event_name":"World of Goop","player_choice":"Gather Gold","floor":13.0,"gold_loss":0.0,"damage_taken":11.0},{"damage_healed":0.0,"max_hp_gain":0.0,"max_hp_loss":0.0,"gold_gain":0.0,"event_name":"Ghosts","player_choice":"Ignored","floor":20.0,"gold_loss":0.0,"damage_taken":0.0},{"damage_healed":0.0,"max_hp_gain":0.0,"max_hp_loss":0.0,"gold_gain":0.0,"event_name":"The Mausoleum","player_choice":"Ignored","floor":22.0,"gold_loss":0.0,"damage_taken":0.0},{"damage_healed":0.0,"max_hp_gain":0.0,"max_hp_loss":0.0,"gold_gain":0.0,"event_name":"The Library","player_choice":"Read","floor":30.0,"gold_loss":0.0,"damage_taken":0.0,"cards_obtained":["Spot Weakness"]},{"damage_healed":0.0,"max_hp_gain":0.0,"max_hp_loss":0.0,"gold_gain":999.0,"event_name":"MindBloom","player_choice":"Gold","floor":36.0,"gold_loss":0.0,"damage_taken":0.0,"cards_obtained":["Normality","Normality"]},{"damage_healed":0,"gold_gain":0,"player_choice":"0 cards matched","damage_taken":0,"max_hp_gain":0,"max_hp_loss":0,"event_name":"Match and Keep!","floor":38,"gold_loss":0,"cards_obtained":[]}],"is_beta":false,"boss_relics":[{"not_picked":["Busted Crown","Empty Cage"],"picked":"Philosopher\u0027s Stone"},{"not_picked":["Runic Cube","SlaversCollar"],"picked":"Runic Pyramid"}],"items_purged_floors":[19,31,37,47],"is_endless":false,"potions_floor_spawned":[1,4,6,8,14,18,24,27,29,39,44,45,48],"ascension_level":15}