{"gold_per_floor":[362,49,65,65,78,107,107,133,156,172,172,191,191,219,219,296,296,307,183,197,197,197,231,244,272,351,382,382,31,31,65,65,139,139,150,169,44,44,60,95,106,132,132,58,68,94,110,110,110,110],"floor_reached":51,"playtime":1972,"items_purged":["Strike_R","Strike_R","Strike_R"],"score":1533,"play_id":"1c904669-b987-40ef-9ce1-b454ba679887","local_time":"20230614195242","is_ascension_mode":true,"campfire_choices":[{"data":"Bash","floor":7.0,"key":"SMITH"},{"data":"Inflame","floor":11.0,"key":"SMITH"},{"data":"Pommel Strike","floor":13.0,"key":"SMITH"},{"data":"Disarm","floor":15.0,"key":"SMITH"},{"data":"True Grit","floor":28,"key":"SMITH"},{"data":"Sword Boomerang","floor":30,"key":"SMITH"},{"data":"Hemokinesis","floor":32,"key":"SMITH"},{"floor":49,"key":"REST"}],"neow_cost":"CURSE","seed_source_timestamp":11660797097400,"circlet_count":0,"master_deck":["AscendersBane","Strike_R","Strike_R","Defend_R","Defend_R","Defend_R","Defend_R","Bash+1","Hemokinesis+1","Inflame+1","Anger","Pommel Strike+1","Headbutt","True Grit+1","Disarm+1","Iron Wave","Sword Boomerang+1","Brutality","Dropkick+1","Power Through+1","Havoc+1","Metallicize+1","Offering+1","Burning Pact+1","Pummel+1","Warcry+1","True Grit+1","Shockwave+1","Double Tap+1","Heavy Blade+1","Dark Embrace+1"],"special_seed":0,"relics":["Burning Blood","Meat on the Bone","PreservedInsect","MealTicket","Pen Nib","Shuriken","Philosopher\u0027s Stone","Nilry\u0027s Codex","White Beast Statue","Toxic Egg 2","Frozen Egg 2","Bottled Tornado","Mercury Hourglass","Self Forming Clay","Prayer Wheel","Black Star","InkBottle","Juzu Bracelet","StoneCalendar","Orichalcum","Bronze Scales","Letter Opener","Oddly Smooth Stone","Incense Burner"],"potions_floor_usage":[18,23,24,25,27,31,33,35,36,40,42,45,50,50],"damage_taken":[{"damage":7.0,"enemies":"Jaw Worm","floor":1.0,"turns":3.0},{"damage":3.0,"enemies":"Cultist","floor":3.0,"turns":3.0},{"damage":3.0,"enemies":"2 Louse","floor":5.0,"turns":3.0},{"damage":29.0,"enemies":"3 Sentries","floor":6.0,"turns":7.0},{"damage":20.0,"enemies":"Gremlin Nob","floor":8.0,"turns":3.0},{"damage":12.0,"enemies":"Gremlin Gang","floor":10.0,"turns":5.0},{"damage":39.0,"enemies":"Exordium Wildlife","floor":12.0,"turns":4.0},{"damage":2.0,"enemies":"3 Sentries","floor":14.0,"turns":4.0},{"damage":30.0,"enemies":"Hexaghost","floor":16.0,"turns":7.0},{"damage":33,"enemies":"2 Thieves","floor":18,"turns":4},{"damage":16,"enemies":"Chosen","floor":20,"turns":4},{"damage":17,"enemies":"Slavers","floor":23,"turns":4},{"damage":17,"enemies":"Snecko","floor":24,"turns":4},{"damage":19,"enemies":"Gremlin Leader","floor":25,"turns":7},{"damage":23,"enemies":"Book of Stabbing","floor":27,"turns":3},{"damage":9,"enemies":"Slavers","floor":31,"turns":2},{"damage":33,"enemies":"Champ","floor":33,"turns":7},{"damage":23,"enemies":"3 Darklings","floor":35,"turns":4},{"damage":12,"enemies":"Orb Walker","floor":36,"turns":3},{"damage":31,"enemies":"Jaw Worm Horde","floor":39,"turns":4},{"damage":16,"enemies":"Giant Head","floor":40,"turns":4},{"damage":19,"enemies":"Writhing Mass","floor":41,"turns":6},{"damage":39,"enemies":"Nemesis","floor":42,"turns":3},{"damage":6,"enemies":"Spire Growth","floor":45,"turns":3},{"damage":9,"enemies":"Giant Head","floor":46,"turns":4},{"damage":15,"enemies":"Maw","floor":47,"turns":4},{"damage":22,"enemies":"Time Eater","floor":50,"turns":5}],"seed_played":"4388379252731322652","potions_obtained":[{"floor":8.0,"key":"Swift Potion"},{"floor":10.0,"key":"Strength Potion"},{"floor":16.0,"key":"ElixirPotion"},{"floor":18,"key":"ElixirPotion"},{"floor":20,"key":"LiquidBronze"},{"floor":23,"key":"Regen Potion"},{"floor":24,"key":"Block Potion"},{"floor":25,"key":"Strength Potion"},{"floor":27,"key":"AttackPotion"},{"floor":31,"key":"Energy Potion"},{"floor":33,"key":"Fruit Juice"},{"floor":35,"key":"Fire Potion"},{"floor":36,"key":"BloodPotion"},{"floor":39,"key":"FearPotion"},{"floor":40,"key":"Regen Potion"},{"floor":42,"key":"Explosive Potion"},{"floor":45,"key":"PowerPotion"},{"floor":46,"key":"LiquidBronze"}],"is_trial":false,"path_per_floor":["M","$","M","?","M","E","R","E","T","M","R","M","R","E","R","B",null,"M","$","M","?","T","E","M","E","T","E","R","$","R","E","R","B",null,"M","M","$","?","M","E","M","E","T","$","M","E","M","?","R","B",null],"character_chosen":"IRONCLAD","basemod:card_modifiers":[null,null,null,null,null,null,null,null,null,null,null,null,null,null,null,null,null,null,null,null,null,null,null,null,null,null,null,null,null,null,null],"items_purchased":["Inflame","Meat on the Bone","Fire Potion","Self Forming Clay","Shockwave+1"],"campfire_rested":1,"item_purchase_floors":[2,2,19,29,44],"current_hp_per_floor":[67,67,70,70,73,50,50,48,48,54,54,33,33,49,49,37,66,51,66,56,35,35,36,49,48,48,43,43,58,58,55,55,40,66,54,48,63,63,50,68,55,39,39,54,54,51,54,54,78,62],"gold":110,"neow_bonus":"TWO_FIFTY_GOLD","is_prod":false,"is_daily":false,"chose_seed":false,"campfire_upgraded":7,"win_rate":0,"timestamp":1686797562,"path_taken":["M","$","M","?","M","E","R","E","T","M","R","M","R","E","R","BOSS","M","$","M","?","?","E","M","E","T","E","R","$","R","E","R","BOSS","M","?","$","?","M","E","M","E","T","$","M","E","M","?","R","BOSS"],"build_version":"2022-12-18","purchased_purges":3,"victory":true,"max_hp_per_floor":[75,75,75,75,75,75,75,75,75,75,75,75,75,75,75,75,75,75,75,75,75,75,75,75,75,75,75,75,75,75,75,75,75,75,80,80,80,80,80,80,80,80,80,80,80,80,80,80,80,80],"relic_stats":{"counters":[27,114],"Nilry\u0027s Codex":[4,9,13,25],"Self Forming Clay":[120],"StoneCalendar":[0],"PreservedInsect":536,"Pen Nib":[24],"Juzu Bracelet":1,"Letter Opener":[31],"Bottled Tornado":"Inflame","Orichalcum":[18],"Burning Blood":162,"White Beast Statue":[0.0,0.023354880000000015,0.0,0.25910118400000015,0.0,0.49384089600000036,0.0,0.20870400000000014,0.0,0.014999040000000009,0.0,5.960324864000002],"Mercury Hourglass":[118],"Shuriken":[47],"Bronze Scales":[42],"MealTicket":60,"Prayer Wheel":6,"Black Star":3,"obtain_stats":[{"Nilry\u0027s Codex":21,"Self Forming Clay":29,"Oddly Smooth Stone":46,"StoneCalendar":40,"PreservedInsect":6,"Pen Nib":9,"Juzu Bracelet":40,"Incense Burner":46,"Letter Opener":43,"Frozen Egg 2":25,"Bottled Tornado":26,"Orichalcum":42,"Burning Blood":0,"White Beast Statue":22,"Mercury Hourglass":27,"Shuriken":14,"Bronze Scales":42,"MealTicket":8,"Philosopher\u0027s Stone":17,"Prayer Wheel":31,"Black Star":34,"Toxic Egg 2":23,"InkBottle":38,"Meat on the Bone":2},{"Nilry\u0027s Codex":11,"Self Forming Clay":15,"Oddly Smooth Stone":25,"StoneCalendar":21,"PreservedInsect":4,"Pen Nib":5,"Juzu Bracelet":21,"Incense Burner":25,"Letter Opener":23,"Frozen Egg 2":14,"Bottled Tornado":14,"Orichalcum":23,"Burning Blood":0,"White Beast Statue":11,"Mercury Hourglass":15,"Shuriken":8,"Bronze Scales":23,"MealTicket":5,"Philosopher\u0027s Stone":9,"Prayer Wheel":16,"Black Star":17,"Toxic Egg 2":12,"InkBottle":19,"Meat on the Bone":1},{"Nilry\u0027s Codex":47,"Self Forming Clay":65,"Oddly Smooth Stone":105,"StoneCalendar":89,"PreservedInsect":16,"Pen Nib":19,"Juzu Bracelet":89,"Incense Burner":105,"Letter Opener":98,"Frozen Egg 2":62,"Bottled Tornado":62,"Orichalcum":98,"Burning Blood":0,"White Beast Statue":47,"Mercury Hourglass":65,"Shuriken":32,"Bronze Scales":98,"MealTicket":19,"Philosopher\u0027s Stone":39,"Prayer Wheel":67,"Black Star":74,"Toxic Egg 2":51,"InkBottle":81,"Meat on the Bone":3}],"InkBottle":[17],"Meat on the Bone":180},"card_choices":[{"not_picked":["Clash","Entrench"],"picked":"Hemokinesis","floor":1.0},{"not_picked":["True Grit","Pommel Strike"],"picked":"Anger","floor":3.0},{"not_picked":["Headbutt","Corruption"],"picked":"Pommel Strike","floor":5.0},{"not_picked":["Pommel Strike","Anger"],"picked":"Headbutt","floor":6.0},{"not_picked":["Havoc","Juggernaut"],"picked":"True Grit","floor":8.0},{"not_picked":["Pommel Strike","Thunderclap"],"picked":"Disarm","floor":10.0},{"not_picked":["True Grit","Warcry"],"picked":"Iron Wave","floor":12.0},{"not_picked":["Thunderclap","Wild Strike"],"picked":"Sword Boomerang","floor":14.0},{"not_picked":["Double Tap","Demon Form"],"picked":"Brutality","floor":16.0},{"not_picked":["Inflame","Havoc","Searing Blow+1"],"picked":"SKIP","floor":18},{"not_picked":["Havoc","Twin Strike"],"picked":"Dropkick+1","floor":20},{"not_picked":["Rupture","Perfected Strike","Clash"],"picked":"SKIP","floor":23},{"not_picked":["Cleave","Twin Strike"],"picked":"Power Through+1","floor":24},{"not_picked":["Headbutt","Power Through+1"],"picked":"Havoc+1","floor":25},{"not_picked":["Thunderclap","Sword Boomerang","Flex+1"],"picked":"SKIP","floor":27},{"not_picked":["Iron Wave","Body Slam"],"picked":"Metallicize+1","floor":31},{"not_picked":["Limit Break+1","Double Tap+1"],"picked":"Offering+1","floor":33},{"not_picked":["Iron Wave","Headbutt+1","Pommel Strike"],"picked":"SKIP","floor":35},{"not_picked":["Headbutt","Cleave","Bloodletting+1"],"picked":"SKIP","floor":35},{"not_picked":["Fire Breathing+1","Flex+1","Dropkick"],"picked":"SKIP","floor":36},{"not_picked":["Pommel Strike","Heavy Blade","Sword Boomerang"],"picked":"SKIP","floor":36},{"not_picked":["Armaments+1","True Grit+1"],"picked":"Burning Pact+1","floor":39},{"not_picked":["Blood for Blood","Body Slam"],"picked":"Pummel+1","floor":39},{"not_picked":["Pommel Strike","Sword Boomerang","Rupture+1"],"picked":"SKIP","floor":40},{"not_picked":["Perfected Strike","Sword Boomerang"],"picked":"Warcry+1","floor":41},{"not_picked":["Sword Boomerang","Iron Wave"],"picked":"True Grit+1","floor":41},{"not_picked":["Wild Strike","Reckless Charge","Body Slam+1"],"picked":"SKIP","floor":42},{"not_picked":["Thunderclap","Warcry+1"],"picked":"Double Tap+1","floor":45},{"not_picked":["Fire Breathing+1","Thunderclap+1","Havoc+1"],"picked":"SKIP","floor":45},{"not_picked":["Dropkick+1","Cleave"],"picked":"Heavy Blade+1","floor":46},{"not_picked":["Clash+1","Body Slam"],"picked":"Dark Embrace+1","floor":47},{"not_picked":["Clothesline","Sever Soul","Warcry+1"],"picked":"SKIP","floor":47}],"player_experience":5648344,"relics_obtained":[{"floor":6.0,"key":"PreservedInsect"},{"floor":8.0,"key":"MealTicket"},{"floor":9.0,"key":"Pen Nib"},{"floor":14.0,"key":"Shuriken"},{"floor":21,"key":"Nilry\u0027s Codex"},{"floor":22,"key":"White Beast Statue"},{"floor":23,"key":"Toxic Egg 2"},{"floor":25,"key":"Frozen Egg 2"},{"floor":26,"key":"Bottled Tornado"},{"floor":27,"key":"Mercury Hourglass"},{"floor":31,"key":"Prayer Wheel"},{"floor":40,"key":"Juzu Bracelet"},{"floor":40,"key":"StoneCalendar"},{"floor":42,"key":"Orichalcum"},{"floor":42,"key":"Bronze Scales"},{"floor":43,"key":"Letter Opener"},{"floor":46,"key":"Oddly Smooth Stone"},{"floor":46,"key":"Incense Burner"}],"event_choices":[{"cards_removed":["Clumsy"],"damage_healed":0.0,"max_hp_gain":0.0,"max_hp_loss":0.0,"gold_gain":0.0,"event_name":"Living Wall","player_choice":"Forget","floor":4.0,"gold_loss":0.0,"damage_taken":0.0},{"damage_healed":0,"gold_gain":0,"player_choice":"Obtained Book","damage_taken":21,"max_hp_gain":0,"max_hp_loss":0,"event_name":"Cursed Tome","floor":21,"gold_loss":0},{"damage_healed":0,"gold_gain":0,"player_choice":"Gave Potion","damage_taken":0,"relics_obtained":["InkBottle"],"max_hp_gain":0,"max_hp_loss":0,"event_name":"WeMeetAgain","floor":38,"gold_loss":0},{"damage_healed":0,"gold_gain":0,"player_choice":"Ignored","damage_taken":0,"max_hp_gain":0,"max_hp_loss":0,"event_name":"Mysterious Sphere","floor":48,"gold_loss":0}],"is_beta":false,"boss_relics":[{"not_picked":["Coffee Dripper","Pandora\u0027s Box"],"picked":"Philosopher\u0027s Stone"},{"not_picked":["Calling Bell","Empty Cage"],"picked":"Black Star"}],"items_purged_floors":[19,29,37],"is_endless":false,"potions_floor_spawned":[8,10,16,18,20,23,24,25,27,31,33,35,36,39,40,41,42,45,46,47],"ascension_level":15}