{"gold_per_floor":[19,37,37,55,68,68,103,103,103,128,140,140,174,193,193,193],"floor_reached":16,"playtime":484,"items_purged":[],"score":214,"play_id":"e8e184d3-a64c-4943-a736-b7aee1a0b348","local_time":"20230609200300","is_ascension_mode":true,"campfire_choices":[{"data":"Bash","floor":6.0,"key":"SMITH"},{"data":"Demon Form","floor":8.0,"key":"SMITH"},{"data":"1","floor":15.0,"key":"LIFT"}],"neow_cost":"NO_GOLD","seed_source_timestamp":9617379408200,"circlet_count":0,"master_deck":["AscendersBane","Strike_R","Strike_R","Strike_R","Strike_R","Strike_R","Defend_R","Defend_R","Defend_R","Defend_R","Bash+1","Whirlwind+1","Fire Breathing","Flame Barrier","Thunderclap","Demon Form+1","Exhume","Sword Boomerang","Heavy Blade","Shrug It Off"],"special_seed":0,"relics":["Burning Blood","Happy Flower","Girya","TungstenRod"],"potions_floor_usage":[16],"damage_taken":[{"damage":2.0,"enemies":"2 Louse","floor":1.0,"turns":4.0},{"damage":4.0,"enemies":"Small Slimes","floor":2.0,"turns":3.0},{"damage":1.0,"enemies":"Cultist","floor":4.0,"turns":4.0},{"damage":15.0,"enemies":"Lots of Slimes","floor":5.0,"turns":2.0},{"damage":20.0,"enemies":"3 Sentries","floor":7.0,"turns":6.0},{"damage":32.0,"enemies":"Gremlin Nob","floor":10.0,"turns":4.0},{"damage":14.0,"enemies":"Exordium Wildlife","floor":11.0,"turns":6.0},{"damage":15.0,"enemies":"Lagavulin","floor":13.0,"turns":5.0},{"damage":7.0,"enemies":"Blue Slaver","floor":14.0,"turns":4.0},{"damage":26,"enemies":"Slime Boss","floor":16,"turns":6}],"seed_played":"1367757391134208167","potions_obtained":[{"floor":1.0,"key":"PowerPotion"},{"floor":4.0,"key":"Ancient Potion"},{"floor":7.0,"key":"SpeedPotion"}],"is_trial":false,"path_per_floor":["M","M","?","M","M","R","E","R","T","E","M","?","E","M","R","B"],"character_chosen":"IRONCLAD","basemod:card_modifiers":[null,null,null,null,null,null,null,null,null,null,null,null,null,null,null,null,null,null,null,null],"items_purchased":[],"campfire_rested":0,"item_purchase_floors":[],"current_hp_per_floor":[86,88,88,89,80,80,66,66,66,40,32,32,23,22,22,0],"gold":193,"neow_bonus":"TWENTY_PERCENT_HP_BONUS","is_prod":false,"is_daily":false,"chose_seed":false,"campfire_upgraded":2,"win_rate":0,"timestamp":1686366180,"path_taken":["M","M","?","M","M","R","E","R","T","E","M","?","E","M","R","BOSS"],"build_version":"2022-12-18","purchased_purges":0,"victory":false,"max_hp_per_floor":[89,89,89,89,89,89,89,89,89,89,89,89,89,89,89,89],"relic_stats":{"Girya":1,"Happy Flower":[8],"counters":[10,44],"obtain_stats":[{"Girya":10,"Happy Flower":7,"Burning Blood":0,"TungstenRod":13},{"Girya":6,"Happy Flower":5,"Burning Blood":0,"TungstenRod":8},{"Girya":23,"Happy Flower":19,"Burning Blood":0,"TungstenRod":34}],"Burning Blood":50,"TungstenRod":5},"card_choices":[{"not_picked":["Sword Boomerang","Carnage"],"picked":"Whirlwind","floor":1.0},{"not_picked":["Wild Strike","Whirlwind"],"picked":"Fire Breathing","floor":2.0},{"not_picked":["Warcry","Iron Wave"],"picked":"Flame Barrier","floor":4.0},{"not_picked":["Dark Embrace","Body Slam"],"picked":"Thunderclap","floor":5.0},{"not_picked":["Dark Embrace","Bloodletting"],"picked":"Demon Form","floor":7.0},{"not_picked":["Blood for Blood","Havoc"],"picked":"Exhume","floor":10.0},{"not_picked":["Havoc","Warcry"],"picked":"Sword Boomerang","floor":11.0},{"not_picked":["Intimidate","Whirlwind"],"picked":"Heavy Blade","floor":13.0},{"not_picked":["Sword Boomerang","Disarm"],"picked":"Shrug It Off","floor":14.0}],"player_experience":5630698,"relics_obtained":[{"floor":7.0,"key":"Happy Flower"},{"floor":10.0,"key":"Girya"},{"floor":13.0,"key":"TungstenRod"}],"event_choices":[{"damage_healed":0.0,"max_hp_gain":0.0,"max_hp_loss":0.0,"gold_gain":0.0,"event_name":"Living Wall","player_choice":"Grow","floor":3.0,"gold_loss":0.0,"damage_taken":0.0,"cards_upgraded":["Whirlwind"]},{"damage_healed":0.0,"max_hp_gain":0.0,"max_hp_loss":0.0,"gold_gain":0.0,"event_name":"Shining Light","player_choice":"Ignored","floor":12.0,"gold_loss":0.0,"damage_taken":0.0}],"is_beta":false,"boss_relics":[],"items_purged_floors":[],"is_endless":false,"potions_floor_spawned":[1,4,7,10],"killed_by":"Slime Boss","ascension_level":15}