{"gold_per_floor":[109,40,40,56,16,51,51,85,111,126,276,296,329,343,343,414,414,427,427,438,152,168,199,199,230,230,230,120,130,159,179,179,256,256,275,286,186,186,204,238,252,279,279,279,33,33,51,64,64,64],"floor_reached":51,"playtime":2354,"items_purged":["Strike_R","Strike_R","Strike_R"],"score":1609,"play_id":"d1f43727-f538-4408-8d81-f38d9354bbd9","local_time":"20230609205417","is_ascension_mode":true,"campfire_choices":[{"data":"Bash","floor":7.0,"key":"SMITH"},{"data":"Whirlwind","floor":15.0,"key":"SMITH"},{"floor":24.0,"key":"REST"},{"floor":32,"key":"REST"},{"data":"Corruption","floor":44,"key":"SMITH"},{"data":"Feel No Pain","floor":49,"key":"SMITH"}],"neow_cost":"NONE","seed_source_timestamp":10891042280300,"circlet_count":0,"master_deck":["AscendersBane","Strike_R","Defend_R","Defend_R","Defend_R","Defend_R","Bash+1","Feel No Pain","Whirlwind+1","Flame Barrier","Power Through","Sword Boomerang+1","True Grit","Battle Trance","Disarm","Iron Wave","Feed","Havoc+1","Apotheosis","Spot Weakness","Burning Pact","Battle Trance+1","Sentinel","Impervious","CurseOfTheBell","Feel No Pain+1","Pommel Strike+1","Corruption+1","Shrug It Off+1","Shrug It Off","Finesse","Warcry+1","Armaments+1"],"special_seed":0,"relics":["Burning Blood","NeowsBlessing","Paper Frog","Sundial","Anchor","Omamori","Happy Flower","Cursed Key","Enchiridion","Incense Burner","Orichalcum","Darkstone Periapt","Dead Branch","Calling Bell","Blood Vial","HornCleat","Ginger","Boot","Art of War","Toxic Egg 2"],"potions_floor_usage":[29,40,41,50,50],"damage_taken":[{"damage":0.0,"enemies":"Cultist","floor":1.0,"turns":1.0},{"damage":0.0,"enemies":"Small Slimes","floor":4.0,"turns":1.0},{"damage":0.0,"enemies":"Gremlin Nob","floor":6.0,"turns":1.0},{"damage":39.0,"enemies":"Lagavulin","floor":8.0,"turns":9.0},{"damage":0.0,"enemies":"2 Louse","floor":10.0,"turns":3.0},{"damage":1.0,"enemies":"Looter","floor":12.0,"turns":2.0},{"damage":13.0,"enemies":"3 Sentries","floor":13.0,"turns":9.0},{"damage":20.0,"enemies":"Large Slime","floor":14.0,"turns":8.0},{"damage":4.0,"enemies":"Hexaghost","floor":16.0,"turns":8.0},{"damage":31.0,"enemies":"Spheric Guardian","floor":18.0,"turns":9.0},{"damage":6.0,"enemies":"Shell Parasite","floor":20.0,"turns":4.0},{"damage":13.0,"enemies":"Snecko","floor":22.0,"turns":5.0},{"damage":1.0,"enemies":"Book of Stabbing","floor":23.0,"turns":6.0},{"damage":26.0,"enemies":"Gremlin Leader","floor":25.0,"turns":7.0},{"damage":16,"enemies":"Sentry and Sphere","floor":29,"turns":6},{"damage":35,"enemies":"Slavers","floor":30,"turns":5},{"damage":0,"enemies":"Centurion and Healer","floor":31,"turns":4},{"damage":33,"enemies":"Champ","floor":33,"turns":11},{"damage":11,"enemies":"Orb Walker","floor":35,"turns":6},{"damage":5,"enemies":"3 Shapes","floor":36,"turns":6},{"damage":0,"enemies":"3 Darklings","floor":39,"turns":4},{"damage":32,"enemies":"Giant Head","floor":40,"turns":7},{"damage":6,"enemies":"Writhing Mass","floor":41,"turns":6},{"damage":5,"enemies":"Reptomancer","floor":42,"turns":6},{"damage":0,"enemies":"Sphere and 2 Shapes","floor":47,"turns":4},{"damage":0,"enemies":"3 Darklings","floor":48,"turns":5},{"damage":9,"enemies":"Donu and Deca","floor":50,"turns":6}],"seed_played":"2624694892567964508","potions_obtained":[{"floor":10.0,"key":"Regen Potion"},{"floor":12.0,"key":"PowerPotion"},{"floor":13.0,"key":"ElixirPotion"},{"floor":18.0,"key":"Explosive Potion"},{"floor":22.0,"key":"Weak Potion"},{"floor":25.0,"key":"GamblersBrew"},{"floor":29,"key":"PowerPotion"},{"floor":33,"key":"DuplicationPotion"},{"floor":40,"key":"AttackPotion"},{"floor":41,"key":"PowerPotion"}],"is_trial":false,"path_per_floor":["M","$","T","M","$","E","R","E","T","M","?","M","E","M","R","B",null,"M","?","M","$","M","E","R","E","T","?","?","M","E","M","R","B",null,"M","M","$","T","M","E","M","E","T","R","$","?","M","M","R","B",null],"character_chosen":"IRONCLAD","basemod:card_modifiers":[null,null,null,null,null,null,null,null,null,null,null,null,null,null,null,null,null,null,null,null,null,null,null,null,null,null,null,null,null,null,null,null,null],"items_purchased":["Whirlwind","Power Through","Apotheosis","Block Potion","Shrug It Off","Finesse"],"campfire_rested":2,"item_purchase_floors":[2,5,21,21,45,45],"current_hp_per_floor":[74,74,74,75,75,75,75,42,42,48,48,53,61,47,47,49,69,44,23,23,23,20,25,48,32,32,49,49,43,18,28,56,29,85,82,89,89,89,97,73,75,82,82,82,82,82,94,106,106,105],"gold":64,"neow_bonus":"THREE_ENEMY_KILL","is_prod":false,"is_daily":false,"chose_seed":false,"campfire_upgraded":4,"win_rate":0,"timestamp":1686369257,"path_taken":["M","$","?","M","$","E","R","E","T","M","?","M","E","M","R","BOSS","M","?","M","$","M","E","R","E","T","?","?","M","E","M","R","BOSS","M","M","$","?","M","E","M","E","T","R","$","?","?","M","R","BOSS"],"build_version":"2022-12-18","purchased_purges":3,"victory":true,"max_hp_per_floor":[75,75,75,75,75,75,75,75,75,75,75,75,75,75,75,75,75,75,75,75,75,79,79,79,83,83,83,83,87,91,95,95,95,101,101,105,105,105,105,105,105,109,109,109,109,109,113,117,117,117],"relic_stats":{"Darkstone Periapt":6,"Happy Flower":[41],"counters":[27,149],"Dead Branch":[161],"Omamori":2,"Ginger":[5],"Orichalcum":[30],"Cursed Key":1,"Boot":[21],"Burning Blood":151,"Blood Vial":18,"Sundial":[20],"Art of War":[1],"obtain_stats":[{"Darkstone Periapt":26,"NeowsBlessing":0,"Happy Flower":13,"Dead Branch":30,"Enchiridion":19,"Omamori":9,"Incense Burner":23,"Ginger":34,"Orichalcum":25,"Cursed Key":17,"Boot":40,"Burning Blood":0,"Calling Bell":34,"Blood Vial":34,"Anchor":8,"HornCleat":34,"Sundial":6,"Art of War":42,"Toxic Egg 2":46,"Paper Frog":3},{"Darkstone Periapt":14,"NeowsBlessing":0,"Happy Flower":7,"Dead Branch":16,"Enchiridion":10,"Omamori":4,"Incense Burner":13,"Ginger":18,"Orichalcum":14,"Cursed Key":9,"Boot":22,"Burning Blood":0,"Calling Bell":18,"Blood Vial":18,"Anchor":4,"HornCleat":18,"Sundial":3,"Art of War":24,"Toxic Egg 2":24,"Paper Frog":1},{"Darkstone Periapt":73,"NeowsBlessing":0,"Happy Flower":26,"Dead Branch":84,"Enchiridion":51,"Omamori":12,"Incense Burner":66,"Ginger":99,"Orichalcum":73,"Cursed Key":42,"Boot":122,"Burning Blood":0,"Calling Bell":99,"Blood Vial":99,"Anchor":12,"HornCleat":99,"Sundial":3,"Art of War":134,"Toxic Egg 2":134,"Paper Frog":1}]},"card_choices":[{"not_picked":["Armaments","Wild Strike"],"picked":"Feel No Pain","floor":1.0},{"not_picked":["Twin Strike","Dual Wield"],"picked":"Flame Barrier","floor":4.0},{"not_picked":["Sever Soul","Perfected Strike"],"picked":"Sword Boomerang","floor":6.0},{"not_picked":["Armaments","Rupture"],"picked":"True Grit","floor":8.0},{"not_picked":["Rampage","Clash"],"picked":"Battle Trance","floor":10.0},{"not_picked":["Sword Boomerang","Demon Form"],"picked":"Disarm","floor":12.0},{"not_picked":["Pummel","Combust","Seeing Red"],"picked":"SKIP","floor":13.0},{"not_picked":["Warcry","Thunderclap"],"picked":"Iron Wave","floor":14.0},{"not_picked":["Reaper","Brutality"],"picked":"Feed","floor":16.0},{"not_picked":["Bloodletting","Cleave"],"picked":"Havoc+1","floor":18.0},{"not_picked":["Perfected Strike","Havoc","Fire Breathing"],"picked":"SKIP","floor":20.0},{"not_picked":["Rupture+1","Rampage"],"picked":"Spot Weakness","floor":22.0},{"not_picked":["Havoc","Twin Strike"],"picked":"Burning Pact","floor":23.0},{"not_picked":["Perfected Strike","Burning Pact","Hemokinesis"],"picked":"SKIP","floor":25.0},{"not_picked":["Dropkick","Intimidate"],"picked":"Battle Trance+1","floor":29},{"not_picked":["Rupture","Iron Wave","Dropkick"],"picked":"SKIP","floor":30},{"not_picked":["Havoc","Thunderclap"],"picked":"Sentinel","floor":31},{"not_picked":["Fiend Fire","Juggernaut"],"picked":"Impervious","floor":33},{"not_picked":["Warcry","Entrench"],"picked":"Feel No Pain","floor":35},{"not_picked":["Iron Wave","Armaments"],"picked":"Pommel Strike+1","floor":36},{"not_picked":["Burning Pact","True Grit","Reckless Charge"],"picked":"SKIP","floor":39},{"not_picked":["Dropkick","Heavy Blade","Wild Strike"],"picked":"SKIP","floor":40},{"not_picked":["Havoc+1","Clothesline"],"picked":"Corruption","floor":41},{"not_picked":["Iron Wave","True Grit+1"],"picked":"Shrug It Off+1","floor":42},{"not_picked":["Rupture","Clash"],"picked":"Warcry+1","floor":47},{"not_picked":["Dark Embrace","Heavy Blade"],"picked":"Armaments+1","floor":48}],"player_experience":5631182,"relics_obtained":[{"floor":3.0,"key":"Paper Frog"},{"floor":6.0,"key":"Sundial"},{"floor":8.0,"key":"Anchor"},{"floor":9.0,"key":"Omamori"},{"floor":13.0,"key":"Happy Flower"},{"floor":19.0,"key":"Enchiridion"},{"floor":23.0,"key":"Incense Burner"},{"floor":25.0,"key":"Orichalcum"},{"floor":26.0,"key":"Darkstone Periapt"},{"floor":30,"key":"Dead Branch"},{"floor":34,"key":"Blood Vial"},{"floor":34,"key":"HornCleat"},{"floor":34,"key":"Ginger"},{"floor":40,"key":"Boot"},{"floor":42,"key":"Art of War"},{"floor":46,"key":"Toxic Egg 2"}],"event_choices":[{"damage_healed":0.0,"max_hp_gain":0.0,"max_hp_loss":0.0,"gold_gain":150.0,"event_name":"Liars Game","player_choice":"AGREE","floor":11.0,"gold_loss":0.0,"damage_taken":0.0,"cards_obtained":["Doubt"]},{"damage_healed":0.0,"max_hp_gain":0.0,"max_hp_loss":0.0,"gold_gain":0.0,"event_name":"Cursed Tome","player_choice":"Obtained Book","floor":19.0,"gold_loss":0.0,"damage_taken":21.0},{"damage_healed":17,"gold_gain":0,"player_choice":"Heal","damage_taken":0,"max_hp_gain":0,"max_hp_loss":0,"event_name":"The Library","floor":27,"gold_loss":0},{"cards_removed":["Strike_R"],"damage_healed":0,"gold_gain":0,"player_choice":"Upgrade and Remove","damage_taken":0,"max_hp_gain":0,"max_hp_loss":0,"event_name":"Designer","floor":28,"gold_loss":110,"cards_upgraded":["Sword Boomerang"]},{"damage_healed":0,"gold_gain":0,"player_choice":"Relic","damage_taken":0,"max_hp_gain":0,"max_hp_loss":0,"event_name":"Wheel of Change","floor":46,"gold_loss":0}],"is_beta":false,"boss_relics":[{"not_picked":["Coffee Dripper","Astrolabe"],"picked":"Cursed Key"},{"not_picked":["Runic Cube","Pandora\u0027s Box"],"picked":"Calling Bell"}],"items_purged_floors":[21,37,45],"is_endless":false,"potions_floor_spawned":[10,12,13,14,18,22,25,29,33,40,41,47,48],"ascension_level":15}