{"gold_per_floor":[132,182,212,212,267,267,301,364,364,364,444,530,581,581,581,660,660,720,720,758,251,319,376,376,390,390,459,459,470,470,146,146,220,220,230,294,308,323,373,373,428,428,428,460,460,286,339,42,42,67],"floor_reached":51,"playtime":1990,"items_purged":["Pain","Strike_R+1","Strike_R+1","Strike_R+1"],"score":1519,"play_id":"c27d6563-bab3-4566-8963-a2b60362c791","local_time":"20230607180730","is_ascension_mode":true,"campfire_choices":[{"data":"HandOfGreed","floor":6.0,"key":"SMITH"},{"data":"Whirlwind","floor":10.0,"key":"SMITH"},{"data":"1","floor":15.0,"key":"LIFT"},{"floor":24.0,"key":"REST"},{"data":"2","floor":28.0,"key":"LIFT"},{"data":"3","floor":32.0,"key":"LIFT"},{"floor":40.0,"key":"REST"},{"floor":42.0,"key":"RECALL"},{"floor":49,"key":"REST"}],"neow_cost":"TEN_PERCENT_HP_LOSS","seed_source_timestamp":75298582726300,"circlet_count":0,"master_deck":["AscendersBane","Strike_R+1","Defend_R+1","Defend_R+1","Defend_R+1","Defend_R+1","Bash","HandOfGreed+1","Headbutt","Shockwave","Whirlwind+1","Shrug It Off","Battle Trance","Metallicize","Shrug It Off","Offering","Heavy Blade+1","Fiend Fire+1","Thunderclap+1","Pommel Strike+1","Pummel+1","Dropkick+1","Rage","Double Tap","Second Wind+1","Flame Barrier","Disarm","Shockwave","Combust+1"],"special_seed":0,"relics":["Burning Blood","Eternal Feather","Unceasing Top","Girya","Lizard Tail","WarpedTongs","Fusion Hammer","Molten Egg 2","Blue Candle","Darkstone Periapt","Potion Belt","Philosopher\u0027s Stone","Calipers","Art of War","Happy Flower","Self Forming Clay","HornCleat","Pen Nib"],"potions_floor_usage":[50,50,50,50],"damage_taken":[{"damage":2.0,"enemies":"Jaw Worm","floor":1.0,"turns":3.0},{"damage":0.0,"enemies":"Cultist","floor":3.0,"turns":3.0},{"damage":6.0,"enemies":"2 Louse","floor":5.0,"turns":2.0},{"damage":16.0,"enemies":"Gremlin Nob","floor":7.0,"turns":3.0},{"damage":22.0,"enemies":"Exordium Thugs","floor":8.0,"turns":3.0},{"damage":17.0,"enemies":"3 Sentries","floor":11.0,"turns":6.0},{"damage":1.0,"enemies":"3 Louse","floor":12.0,"turns":6.0},{"damage":19.0,"enemies":"Lagavulin","floor":13.0,"turns":6.0},{"damage":28.0,"enemies":"Hexaghost","floor":16.0,"turns":9.0},{"damage":19.0,"enemies":"2 Thieves","floor":18.0,"turns":4.0},{"damage":11.0,"enemies":"Shell Parasite","floor":20.0,"turns":5.0},{"damage":29.0,"enemies":"Shelled Parasite and Fungi","floor":22.0,"turns":7.0},{"damage":6.0,"enemies":"Gremlin Leader","floor":23.0,"turns":4.0},{"damage":7.0,"enemies":"Snake Plant","floor":25.0,"turns":3.0},{"damage":5.0,"enemies":"Sentry and Sphere","floor":27.0,"turns":6.0},{"damage":0.0,"enemies":"Snecko","floor":29.0,"turns":3.0},{"damage":27.0,"enemies":"Automaton","floor":33.0,"turns":10.0},{"damage":6.0,"enemies":"3 Darklings","floor":35.0,"turns":1.0},{"damage":29.0,"enemies":"3 Shapes","floor":36.0,"turns":3.0},{"damage":1.0,"enemies":"Jaw Worm Horde","floor":37.0,"turns":2.0},{"damage":0.0,"enemies":"Transient","floor":38.0,"turns":5.0},{"damage":10.0,"enemies":"Mind Bloom Boss Battle","floor":39.0,"turns":6.0},{"damage":6.0,"enemies":"Giant Head","floor":41.0,"turns":5.0},{"damage":6.0,"enemies":"Reptomancer","floor":44.0,"turns":5.0},{"damage":6.0,"enemies":"Giant Head","floor":47.0,"turns":5.0},{"damage":40,"enemies":"Donu and Deca","floor":50,"turns":6}],"seed_played":"-8050674349143757281","potions_obtained":[{"floor":3.0,"key":"Swift Potion"},{"floor":5.0,"key":"ElixirPotion"},{"floor":7.0,"key":"Strength Potion"},{"floor":18.0,"key":"Dexterity Potion"},{"floor":27.0,"key":"SteroidPotion"},{"floor":35.0,"key":"AttackPotion"},{"floor":36.0,"key":"PowerPotion"},{"floor":44.0,"key":"Regen Potion"},{"floor":47.0,"key":"Strength Potion"}],"is_trial":false,"path_per_floor":["M","?","M","?","M","R","E","M","T","R","E","M","E","?","R","B",null,"M","?","M","$","M","E","R","M","T","M","R","M","?","$","R","B",null,"M","M","M","M","?","R","E","R","T","E","?","$","E","$","R","B",null],"character_chosen":"IRONCLAD","basemod:card_modifiers":[null,null,null,null,null,null,null,null,null,null,null,null,null,null,null,null,null,null,null,null,null,null,null,null,null,null,null,null,null],"items_purchased":["Fire Potion","Molten Egg 2","Fiend Fire+1","Potion Belt","Rage","Strength Potion","Pen Nib"],"campfire_rested":3,"item_purchase_floors":[21,21,21,31,31,46,48],"current_hp_per_floor":[68,62,68,68,68,68,58,42,42,51,40,45,32,32,41,19,56,43,43,38,38,15,15,47,46,46,47,59,65,68,68,68,47,63,63,40,45,51,47,68,68,68,68,68,68,68,68,68,68,48],"gold":67,"neow_bonus":"RANDOM_COLORLESS_2","is_prod":false,"is_daily":false,"chose_seed":false,"campfire_upgraded":2,"win_rate":0,"timestamp":1686186450,"path_taken":["M","?","?","?","M","R","E","M","T","R","E","?","E","?","R","BOSS","M","?","M","$","M","E","R","M","T","M","R","M","?","$","R","BOSS","M","M","M","M","?","R","E","R","T","E","?","$","E","$","R","BOSS"],"build_version":"2022-12-18","purchased_purges":4,"victory":true,"max_hp_per_floor":[68,68,68,68,68,68,68,68,68,68,68,68,68,68,68,68,68,68,68,68,68,68,68,68,68,68,68,68,68,68,68,68,68,68,68,68,68,68,68,68,68,68,68,68,68,68,68,68,68,68],"relic_stats":{"Darkstone Periapt":0,"Girya":3,"Calipers":[20],"Happy Flower":[5],"counters":[26,121],"Self Forming Clay":[21],"Blue Candle":[0],"Eternal Feather":57,"Pen Nib":[1],"Burning Blood":152,"WarpedTongs":[82],"Lizard Tail":0,"Art of War":[1],"obtain_stats":[{"Darkstone Periapt":26,"Potion Belt":31,"Girya":11,"Calipers":39,"Happy Flower":43,"Self Forming Clay":44,"Blue Candle":23,"Eternal Feather":7,"Pen Nib":48,"Burning Blood":0,"WarpedTongs":14,"Lizard Tail":13,"HornCleat":47,"Molten Egg 2":21,"Philosopher\u0027s Stone":34,"Fusion Hammer":17,"Art of War":41,"Unceasing Top":9},{"Darkstone Periapt":14,"Potion Belt":16,"Girya":6,"Calipers":22,"Happy Flower":23,"Self Forming Clay":24,"Blue Candle":13,"Eternal Feather":4,"Pen Nib":25,"Burning Blood":0,"WarpedTongs":8,"Lizard Tail":8,"HornCleat":25,"Molten Egg 2":11,"Philosopher\u0027s Stone":17,"Fusion Hammer":9,"Art of War":23,"Unceasing Top":5},{"Darkstone Periapt":64,"Potion Belt":73,"Girya":20,"Calipers":100,"Happy Flower":105,"Self Forming Clay":110,"Blue Candle":61,"Eternal Feather":11,"Pen Nib":115,"Burning Blood":0,"WarpedTongs":32,"Lizard Tail":32,"HornCleat":115,"Molten Egg 2":50,"Philosopher\u0027s Stone":83,"Fusion Hammer":41,"Art of War":105,"Unceasing Top":14}],"Unceasing Top":[9]},"card_choices":[{"not_picked":["Sadistic Nature","Master of Strategy"],"picked":"HandOfGreed","floor":0.0},{"not_picked":["Pommel Strike","Cleave"],"picked":"Headbutt","floor":1.0},{"not_picked":["Headbutt","Wild Strike"],"picked":"Shockwave","floor":3.0},{"not_picked":["Flex","Clash"],"picked":"Whirlwind","floor":5.0},{"not_picked":["Thunderclap","Bloodletting"],"picked":"Shrug It Off","floor":7.0},{"not_picked":["Inflame","Thunderclap"],"picked":"Battle Trance","floor":8.0},{"not_picked":["Bludgeon","Searing Blow"],"picked":"Metallicize","floor":11.0},{"not_picked":["Perfected Strike","Metallicize","Rampage"],"picked":"SKIP","floor":12.0},{"not_picked":["Warcry","Rupture"],"picked":"Shrug It Off","floor":13.0},{"not_picked":["Brutality","Demon Form"],"picked":"Offering","floor":16.0},{"not_picked":["Armaments","Headbutt","Perfected Strike"],"picked":"SKIP","floor":18.0},{"not_picked":["Havoc","Clash"],"picked":"Heavy Blade+1","floor":20.0},{"not_picked":["Entrench","Clothesline+1"],"picked":"Thunderclap+1","floor":22.0},{"not_picked":["Rage","Dual Wield"],"picked":"Pommel Strike+1","floor":23.0},{"not_picked":["Hemokinesis+1","True Grit","Berserk"],"picked":"SKIP","floor":25.0},{"not_picked":["Havoc","Ghostly Armor"],"picked":"Pummel+1","floor":27.0},{"not_picked":["Second Wind","Sentinel"],"picked":"Dropkick+1","floor":29.0},{"not_picked":["Bludgeon+1","Demon Form"],"picked":"Double Tap","floor":33.0},{"not_picked":["Havoc","Perfected Strike+1","Hemokinesis+1"],"picked":"SKIP","floor":35.0},{"not_picked":["Sever Soul+1","Clothesline+1","Entrench"],"picked":"SKIP","floor":36.0},{"not_picked":["Clash+1","Flex","Intimidate"],"picked":"SKIP","floor":37.0},{"not_picked":["Flex","Bloodletting"],"picked":"Second Wind+1","floor":38.0},{"not_picked":["True Grit","Second Wind+1"],"picked":"Flame Barrier","floor":39.0},{"not_picked":["Hemokinesis+1","Clothesline+1"],"picked":"Disarm","floor":41.0},{"not_picked":["Armaments","Immolate+1","Headbutt+1"],"picked":"SKIP","floor":44.0},{"not_picked":["Power Through","True Grit"],"picked":"Combust+1","floor":47.0}],"player_experience":5620793,"relics_obtained":[{"floor":7.0,"key":"Eternal Feather"},{"floor":9.0,"key":"Unceasing Top"},{"floor":11.0,"key":"Girya"},{"floor":13.0,"key":"Lizard Tail"},{"floor":23.0,"key":"Blue Candle"},{"floor":26.0,"key":"Darkstone Periapt"},{"floor":39.0,"key":"Calipers"},{"floor":41.0,"key":"Art of War"},{"floor":43.0,"key":"Happy Flower"},{"floor":44.0,"key":"Self Forming Clay"},{"floor":47.0,"key":"HornCleat"}],"event_choices":[{"damage_healed":0.0,"max_hp_gain":0.0,"max_hp_loss":0.0,"gold_gain":50.0,"event_name":"FaceTrader","player_choice":"Touch","floor":2.0,"gold_loss":0.0,"damage_taken":6.0},{"cards_removed":["Strike_R"],"damage_healed":0.0,"max_hp_gain":0.0,"max_hp_loss":0.0,"gold_gain":0.0,"event_name":"Purifier","player_choice":"Purged","floor":4.0,"gold_loss":0.0,"damage_taken":0.0},{"damage_healed":0.0,"max_hp_gain":0.0,"max_hp_loss":0.0,"gold_gain":0.0,"event_name":"Accursed Blacksmith","player_choice":"Rummage","floor":14.0,"gold_loss":0.0,"damage_taken":0.0,"relics_obtained":["WarpedTongs"],"cards_obtained":["Pain"]},{"damage_healed":0.0,"max_hp_gain":0.0,"max_hp_loss":0.0,"gold_gain":0.0,"event_name":"Back to Basics","player_choice":"Simplicity","floor":19.0,"gold_loss":0.0,"damage_taken":0.0,"cards_upgraded":["Strike_R","Strike_R","Strike_R","Strike_R","Defend_R","Defend_R","Defend_R","Defend_R"]},{"damage_healed":3.0,"max_hp_gain":0.0,"max_hp_loss":0.0,"gold_gain":0.0,"event_name":"Wheel of Change","player_choice":"Full Heal","floor":30.0,"gold_loss":0.0,"damage_taken":0.0},{"damage_healed":0.0,"max_hp_gain":0.0,"max_hp_loss":0.0,"gold_gain":0.0,"event_name":"MindBloom","player_choice":"Fight","floor":39.0,"gold_loss":0.0,"damage_taken":0.0},{"damage_healed":0.0,"max_hp_gain":0.0,"max_hp_loss":0.0,"gold_gain":0.0,"event_name":"Duplicator","player_choice":"Copied","floor":45.0,"gold_loss":0.0,"damage_taken":0.0,"cards_obtained":["Shockwave"]}],"is_beta":false,"boss_relics":[{"not_picked":["Runic Pyramid","Black Blood"],"picked":"Fusion Hammer"},{"not_picked":["Runic Cube","Pandora\u0027s Box"],"picked":"Philosopher\u0027s Stone"}],"items_purged_floors":[21,31,46,48],"is_endless":false,"potions_floor_spawned":[3,5,7,18,23,27,29,35,36,44,47],"ascension_level":15}