{"gold_per_floor":[115,131,149,224,224,224,255,255,255,131,162,437,471,487,487,558,558,578,593,593,593,292,303,332,332,377,100,110,123,123,153,153,226,226,237,255,255,255,271,271,301,301,301,336,336,43,73,93,93,93],"floor_reached":51,"playtime":1867,"items_purged":["Strike_R","Strike_R","Writhe"],"score":1416,"play_id":"02dbb6a3-16b8-4444-9e6f-67ab4462d27c","local_time":"20230613193910","is_ascension_mode":true,"campfire_choices":[{"data":"Bash","floor":6.0,"key":"SMITH"},{"data":"Fiend Fire","floor":8.0,"key":"SMITH"},{"data":"Combust","floor":15.0,"key":"SMITH"},{"data":"Blood for Blood","floor":25.0,"key":"SMITH"},{"data":"Feel No Pain","floor":32.0,"key":"SMITH"},{"data":"Shockwave","floor":40.0,"key":"SMITH"},{"data":"Demon Form","floor":42.0,"key":"SMITH"},{"data":"Dark Shackles","floor":45.0,"key":"SMITH"},{"data":"Metallicize","floor":49.0,"key":"SMITH"}],"neow_cost":"NONE","seed_source_timestamp":96262261279700,"circlet_count":0,"master_deck":["AscendersBane","Strike_R","Strike_R+1","Defend_R","Defend_R","Defend_R","Defend_R+1","Bash+1","Iron Wave","Pommel Strike+1","Blood for Blood+1","Fiend Fire+1","Shockwave+1","Combust+1","Reaper","Ghostly Armor+1","Impervious","Feel No Pain+1","Anger+1","Demon Form+1","Pommel Strike+1","Dark Shackles+1","Battle Trance","Pommel Strike+1","Impervious","Pommel Strike+1","Pommel Strike+1","Pummel+1","Inflame+1","Metallicize+1"],"special_seed":0,"relics":["Burning Blood","Omamori","Gremlin Horn","Whetstone","Blue Candle","Red Skull","Magic Flower","Cursed Key","HornCleat","Pear","War Paint","Anchor","Happy Flower","StrikeDummy","SlaversCollar","Akabeko","Smiling Mask","Bag of Marbles","Orrery","Centennial Puzzle"],"potions_floor_usage":[],"damage_taken":[{"damage":3.0,"enemies":"2 Louse","floor":1.0,"turns":2.0},{"damage":6.0,"enemies":"Jaw Worm","floor":2.0,"turns":5.0},{"damage":0.0,"enemies":"Small Slimes","floor":3.0,"turns":5.0},{"damage":20.0,"enemies":"3 Sentries","floor":7.0,"turns":6.0},{"damage":0.0,"enemies":"Lagavulin","floor":11.0,"turns":2.0},{"damage":11.0,"enemies":"Gremlin Nob","floor":13.0,"turns":3.0},{"damage":16.0,"enemies":"Red Slaver","floor":14.0,"turns":4.0},{"damage":29.0,"enemies":"Slime Boss","floor":16.0,"turns":6.0},{"damage":17.0,"enemies":"Spheric Guardian","floor":18.0,"turns":4.0},{"damage":4.0,"enemies":"Chosen","floor":19.0,"turns":3.0},{"damage":7.0,"enemies":"Snake Plant","floor":23.0,"turns":4.0},{"damage":33.0,"enemies":"Book of Stabbing","floor":24.0,"turns":6.0},{"damage":1.0,"enemies":"Snecko","floor":28.0,"turns":5.0},{"damage":13.0,"enemies":"Chosen and Byrds","floor":29.0,"turns":5.0},{"damage":14.0,"enemies":"Slavers","floor":31.0,"turns":4.0},{"damage":83.0,"enemies":"Automaton","floor":33.0,"turns":11.0},{"damage":4.0,"enemies":"Orb Walker","floor":35.0,"turns":4.0},{"damage":18.0,"enemies":"3 Darklings","floor":36.0,"turns":5.0},{"damage":19.0,"enemies":"4 Shapes","floor":39.0,"turns":7.0},{"damage":11.0,"enemies":"Nemesis","floor":41.0,"turns":6.0},{"damage":17.0,"enemies":"Giant Head","floor":44.0,"turns":6.0},{"damage":14.0,"enemies":"Nemesis","floor":47.0,"turns":7.0},{"damage":0.0,"enemies":"Writhing Mass","floor":48.0,"turns":5.0},{"damage":44,"enemies":"Time Eater","floor":50,"turns":6}],"seed_played":"1873057602974336339","potions_obtained":[{"floor":2.0,"key":"SkillPotion"},{"floor":7.0,"key":"Fruit Juice"},{"floor":11.0,"key":"Block Potion"},{"floor":14.0,"key":"AttackPotion"},{"floor":19.0,"key":"Explosive Potion"},{"floor":31.0,"key":"Explosive Potion"},{"floor":33.0,"key":"ElixirPotion"},{"floor":35.0,"key":"Swift Potion"}],"is_trial":false,"path_per_floor":["M","M","M","?","T","R","E","R","T","$","E","?","E","M","R","B",null,"M","M","T","?","$","M","E","R","T","$","M","M","T","E","R","B",null,"M","M","?","?","M","R","E","R","T","E","R","$","E","M","R","B",null],"character_chosen":"IRONCLAD","basemod:card_modifiers":[null,null,null,null,null,null,null,null,null,null,null,null,null,null,null,null,null,null,null,null,null,null,null,null,null,null,null,null,null,null],"items_purchased":["SteroidPotion","War Paint","SteroidPotion","Feel No Pain","Regen Potion","Bag of Marbles","Orrery"],"campfire_rested":0,"item_purchase_floors":[10,22,22,27,27,46,46],"current_hp_per_floor":[71,71,75,64,64,64,50,50,50,50,56,56,51,49,49,29,67,59,64,64,74,74,76,58,58,58,58,75,80,80,90,90,16,72,86,77,67,67,80,80,78,78,78,85,85,85,80,89,89,81],"gold":93,"neow_bonus":"RANDOM_COMMON_RELIC","is_prod":false,"is_daily":false,"chose_seed":false,"campfire_upgraded":9,"win_rate":0,"timestamp":1686710350,"path_taken":["M","M","M","?","?","R","E","R","T","$","E","?","E","M","R","BOSS","M","M","?","?","$","M","E","R","T","$","M","?","?","E","R","BOSS","M","M","?","?","M","R","E","R","T","E","R","$","E","M","R","BOSS"],"build_version":"2022-12-18","purchased_purges":3,"victory":true,"max_hp_per_floor":[75,75,75,75,75,75,75,75,75,75,75,75,75,80,80,80,80,80,80,80,90,90,90,90,90,90,90,90,90,90,90,90,90,90,90,90,90,90,90,90,90,90,90,90,90,90,90,90,90,90],"relic_stats":{"Gremlin Horn":[14,14],"Happy Flower":[23],"counters":[24,121],"Blue Candle":[0],"Magic Flower":[78],"Omamori":2,"Whetstone":["Strike_R","Pommel Strike"],"War Paint":["Ghostly Armor","Defend_R"],"Cursed Key":2,"Smiling Mask":0,"Burning Blood":188,"Centennial Puzzle":[3],"obtain_stats":[{"Pear":21,"Gremlin Horn":5,"Happy Flower":26,"Blue Candle":9,"Magic Flower":13,"Omamori":0,"Whetstone":7,"War Paint":22,"Cursed Key":17,"Smiling Mask":44,"Burning Blood":0,"Akabeko":41,"SlaversCollar":34,"Anchor":24,"Centennial Puzzle":47,"HornCleat":20,"Orrery":46,"Bag of Marbles":46,"StrikeDummy":31,"Red Skull":11},{"Pear":10,"Gremlin Horn":3,"Happy Flower":12,"Blue Candle":4,"Magic Flower":6,"Omamori":0,"Whetstone":4,"War Paint":10,"Cursed Key":8,"Smiling Mask":21,"Burning Blood":0,"Akabeko":20,"SlaversCollar":16,"Anchor":12,"Centennial Puzzle":22,"HornCleat":10,"Orrery":21,"Bag of Marbles":21,"StrikeDummy":15,"Red Skull":5},{"Pear":40,"Gremlin Horn":12,"Happy Flower":50,"Blue Candle":18,"Magic Flower":23,"Omamori":0,"Whetstone":18,"War Paint":40,"Cursed Key":33,"Smiling Mask":103,"Burning Blood":0,"Akabeko":97,"SlaversCollar":75,"Anchor":50,"Centennial Puzzle":110,"HornCleat":40,"Orrery":103,"Bag of Marbles":103,"StrikeDummy":64,"Red Skull":20}]},"card_choices":[{"not_picked":["True Grit","Wild Strike"],"picked":"Iron Wave","floor":1.0},{"not_picked":["Rage","Feel No Pain"],"picked":"Pommel Strike","floor":2.0},{"not_picked":["Blood for Blood","Second Wind","Warcry"],"picked":"SKIP","floor":3.0},{"not_picked":["Second Wind","Warcry"],"picked":"Blood for Blood","floor":3.0},{"not_picked":["Warcry","Sever Soul"],"picked":"Fiend Fire","floor":7.0},{"not_picked":["Perfected Strike","Iron Wave"],"picked":"Shockwave","floor":11.0},{"not_picked":["Inflame","Wild Strike"],"picked":"Combust","floor":13.0},{"not_picked":["Body Slam","Iron Wave","Twin Strike"],"picked":"SKIP","floor":14.0},{"not_picked":["Limit Break","Bludgeon"],"picked":"Reaper","floor":16.0},{"not_picked":["Sentinel","Rampage","Havoc"],"picked":"SKIP","floor":18.0},{"not_picked":["Warcry","Fire Breathing"],"picked":"Ghostly Armor","floor":19.0},{"not_picked":["Armaments+1","Body Slam"],"picked":"Impervious","floor":23.0},{"not_picked":["Power Through","Warcry","Clothesline"],"picked":"SKIP","floor":24.0},{"not_picked":["Flex","Rage"],"picked":"Anger+1","floor":28.0},{"not_picked":["Dual Wield","Twin Strike","Thunderclap+1"],"picked":"SKIP","floor":29.0},{"not_picked":["Anger","Entrench","Sword Boomerang"],"picked":"SKIP","floor":31.0},{"not_picked":["Juggernaut","Immolate"],"picked":"Demon Form","floor":33.0},{"not_picked":["Body Slam+1","Entrench","Clash+1"],"picked":"SKIP","floor":35.0},{"not_picked":["Warcry","Intimidate"],"picked":"Pommel Strike+1","floor":36.0},{"not_picked":["Secret Technique","Transmutation"],"picked":"Dark Shackles","floor":37.0},{"not_picked":["Havoc","Clash"],"picked":"Battle Trance","floor":39.0},{"not_picked":["Anger","Body Slam"],"picked":"Pommel Strike+1","floor":41.0},{"not_picked":["Pommel Strike","Whirlwind","Sentinel+1"],"picked":"SKIP","floor":44.0},{"not_picked":["Body Slam","Clash+1"],"picked":"Impervious","floor":46.0},{"not_picked":["Anger","Wild Strike"],"picked":"Pommel Strike+1","floor":46.0},{"not_picked":["Uppercut","Heavy Blade"],"picked":"Pommel Strike+1","floor":46.0},{"not_picked":["Hemokinesis","Armaments"],"picked":"Pummel+1","floor":46.0},{"not_picked":["Body Slam","Heavy Blade+1"],"picked":"Inflame+1","floor":47.0},{"not_picked":["Body Slam","Anger","Metallicize"],"picked":"SKIP","floor":48.0},{"not_picked":["Body Slam","Anger"],"picked":"Metallicize","floor":48.0}],"player_experience":5644265,"relics_obtained":[{"floor":5.0,"key":"Gremlin Horn"},{"floor":7.0,"key":"Whetstone"},{"floor":9.0,"key":"Blue Candle"},{"floor":11.0,"key":"Red Skull"},{"floor":13.0,"key":"Magic Flower"},{"floor":20.0,"key":"HornCleat"},{"floor":24.0,"key":"Anchor"},{"floor":26.0,"key":"Happy Flower"},{"floor":31.0,"key":"StrikeDummy"},{"floor":41.0,"key":"Akabeko"},{"floor":44.0,"key":"Smiling Mask"},{"floor":47.0,"key":"Centennial Puzzle"}],"event_choices":[{"damage_healed":0.0,"max_hp_gain":0.0,"max_hp_loss":0.0,"gold_gain":75.0,"event_name":"World of Goop","player_choice":"Gather Gold","floor":4.0,"gold_loss":0.0,"damage_taken":11.0},{"damage_healed":0.0,"max_hp_gain":0.0,"max_hp_loss":0.0,"gold_gain":275.0,"event_name":"Golden Shrine","player_choice":"Desecrate","floor":12.0,"gold_loss":0.0,"damage_taken":0.0,"cards_obtained":["Regret"]},{"damage_healed":0.0,"max_hp_gain":0.0,"max_hp_loss":0.0,"gold_gain":0.0,"event_name":"WeMeetAgain","player_choice":"Gave Potion","floor":21.0,"gold_loss":0.0,"damage_taken":0.0,"relics_obtained":["Pear"]},{"damage_healed":0.0,"max_hp_gain":0.0,"max_hp_loss":0.0,"gold_gain":0.0,"event_name":"SensoryStone","player_choice":"Memory 3","floor":37.0,"gold_loss":0.0,"damage_taken":10.0},{"cards_removed":["Strike_R"],"damage_healed":0.0,"max_hp_gain":0.0,"max_hp_loss":0.0,"gold_gain":0.0,"event_name":"Falling","player_choice":"Removed Attack","floor":38.0,"gold_loss":0.0,"damage_taken":0.0}],"is_beta":false,"boss_relics":[{"not_picked":["Busted Crown","Pandora\u0027s Box"],"picked":"Cursed Key"},{"not_picked":["Runic Cube","SacredBark"],"picked":"SlaversCollar"}],"items_purged_floors":[10,22,27],"is_endless":false,"potions_floor_spawned":[2,7,11,14,19,23,29,31,33,35,36,44],"ascension_level":15}