{"gold_per_floor":[114,114,134,148,166,166,192,207,262,282,316,116,126,153,153,224,224,243,193,193,213,225,256,276,2,2,2,27,27,360,370,370,444,444,458,198,214,233,233,259,259,290,290,325,44,44,64,114,114,114],"floor_reached":51,"playtime":2468,"items_purged":["Strike_R","Strike_R","Strike_R","Dropkick"],"score":1505,"play_id":"6715f3cb-0fa4-4051-a0a5-a8ddc3a699f6","local_time":"20230607210233","is_ascension_mode":true,"campfire_choices":[{"data":"Anger","floor":6.0,"key":"SMITH"},{"data":"Feel No Pain","floor":15.0,"key":"SMITH"},{"data":"Inflame","floor":29.0,"key":"SMITH"},{"floor":32.0,"key":"REST"},{"floor":41.0,"key":"REST"},{"floor":49,"key":"REST"}],"neow_cost":"NONE","seed_source_timestamp":85232205660200,"circlet_count":0,"master_deck":["AscendersBane","Defend_R","Defend_R","Defend_R","Bash+1","Anger+1","Headbutt","Battle Trance+1","Armaments+1","Clothesline","True Grit+1","Power Through+1","Feel No Pain+1","Exhume+1","Seeing Red+1","RitualDagger","Twin Strike","True Grit+1","Inflame+1","Burning Pact+1","Demon Form","Rage+1","Offering+1","Burning Pact+1","Disarm+1","Clash+1","Flame Barrier+1","Body Slam+1","Injury","Dual Wield+1","Good Instincts+1","Second Wind+1","Feel No Pain","Intimidate+1"],"special_seed":0,"relics":["Burning Blood","Toxic Egg 2","Art of War","Sundial","Membership Card","Tiny Chest","Cursed Key","Mummified Hand","Gremlin Horn","Nunchaku","Old Coin","Astrolabe","Girya","StrikeDummy","Question Card","Dead Branch","Ancient Tea Set","Lantern","Medical Kit","Thread and Needle"],"potions_floor_usage":[50,50,50],"damage_taken":[{"damage":0.0,"enemies":"Small Slimes","floor":1.0,"turns":3.0},{"damage":2.0,"enemies":"Jaw Worm","floor":3.0,"turns":3.0},{"damage":0.0,"enemies":"Cultist","floor":4.0,"turns":3.0},{"damage":9.0,"enemies":"Red Slaver","floor":5.0,"turns":3.0},{"damage":23.0,"enemies":"Lagavulin","floor":7.0,"turns":6.0},{"damage":6.0,"enemies":"Looter","floor":8.0,"turns":2.0},{"damage":6.0,"enemies":"Blue Slaver","floor":10.0,"turns":3.0},{"damage":20.0,"enemies":"3 Sentries","floor":11.0,"turns":7.0},{"damage":2.0,"enemies":"2 Fungi Beasts","floor":13.0,"turns":3.0},{"damage":8.0,"enemies":"Lagavulin","floor":14.0,"turns":7.0},{"damage":14.0,"enemies":"Hexaghost","floor":16.0,"turns":9.0},{"damage":14.0,"enemies":"3 Byrds","floor":18.0,"turns":6.0},{"damage":2.0,"enemies":"Spheric Guardian","floor":21.0,"turns":3.0},{"damage":22.0,"enemies":"3 Cultists","floor":22.0,"turns":6.0},{"damage":19.0,"enemies":"Gremlin Leader","floor":23.0,"turns":6.0},{"damage":0.0,"enemies":"Centurion and Healer","floor":24.0,"turns":6.0},{"damage":13.0,"enemies":"Book of Stabbing","floor":28.0,"turns":4.0},{"damage":25.0,"enemies":"Slavers","floor":30.0,"turns":5.0},{"damage":4.0,"enemies":"Shelled Parasite and Fungi","floor":31.0,"turns":3.0},{"damage":39.0,"enemies":"Automaton","floor":33.0,"turns":10.0},{"damage":6.0,"enemies":"Orb Walker","floor":35.0,"turns":3.0},{"damage":17.0,"enemies":"3 Darklings","floor":37.0,"turns":6.0},{"damage":30.0,"enemies":"Transient","floor":38.0,"turns":5.0},{"damage":30.0,"enemies":"Reptomancer","floor":40.0,"turns":7.0},{"damage":6.0,"enemies":"Nemesis","floor":42.0,"turns":3.0},{"damage":26.0,"enemies":"Giant Head","floor":44.0,"turns":6.0},{"damage":0.0,"enemies":"4 Shapes","floor":47.0,"turns":2.0},{"damage":6,"enemies":"2 Orb Walkers","floor":48,"turns":2},{"damage":3,"enemies":"Time Eater","floor":50,"turns":7}],"seed_played":"-1916960504611757801","potions_obtained":[{"floor":1.0,"key":"LiquidMemories"},{"floor":3.0,"key":"EssenceOfSteel"},{"floor":7.0,"key":"HeartOfIron"},{"floor":18.0,"key":"SpeedPotion"},{"floor":21.0,"key":"DuplicationPotion"},{"floor":23.0,"key":"SkillPotion"},{"floor":24.0,"key":"Regen Potion"},{"floor":33.0,"key":"Weak Potion"},{"floor":37.0,"key":"Weak Potion"},{"floor":42.0,"key":"Ancient Potion"},{"floor":47,"key":"EssenceOfSteel"}],"is_trial":false,"path_per_floor":["M","?","M","M","M","R","E","M","T","M","E","$","M","E","R","B",null,"M","$","?","M","M","E","M","$","T","?","E","R","E","M","R","B",null,"M","$","M","M","T","E","R","E","T","E","$","?","M","?","R","B",null],"character_chosen":"IRONCLAD","basemod:card_modifiers":[null,null,null,null,null,null,null,null,null,null,null,null,null,null,null,null,null,null,null,null,null,null,null,null,null,null,null,null,null,null,null,null,null,null],"items_purchased":["Membership Card","True Grit+1","Burning Pact+1","Gremlin Horn","Demon Form","Flame Barrier+1","Girya","Lantern","Good Instincts+1","EntropicBrew","Medical Kit","Second Wind+1"],"campfire_rested":3,"item_purchase_floors":[12,12,25,25,25,36,36,45,45,45,45,45],"current_hp_per_floor":[74,74,75,75,72,72,55,55,55,55,41,41,45,43,43,35,65,57,57,51,55,39,26,32,32,32,75,72,72,53,55,75,42,67,67,67,56,32,32,8,30,30,30,10,10,10,16,16,38,41],"gold":114,"neow_bonus":"UPGRADE_CARD","is_prod":false,"is_daily":false,"chose_seed":false,"campfire_upgraded":3,"win_rate":0,"timestamp":1686196953,"path_taken":["M","?","M","M","M","R","E","M","T","M","E","$","M","E","R","BOSS","M","$","?","M","M","E","M","$","T","?","E","R","E","M","R","BOSS","M","?","M","M","?","E","R","E","T","E","$","?","M","?","R","BOSS"],"build_version":"2022-12-18","purchased_purges":4,"victory":true,"max_hp_per_floor":[75,75,75,75,75,75,75,75,75,75,75,75,75,75,75,75,75,75,75,75,75,75,75,75,75,75,75,75,75,75,75,75,75,75,75,75,75,75,75,75,75,75,75,75,75,75,75,75,75,75],"relic_stats":{"Girya":0,"Gremlin Horn":[15,16],"counters":[29,139],"Astrolabe":["Burning Pact","Disarm","Clash"],"Dead Branch":[46],"Cursed Key":1,"Question Card":4,"Ancient Tea Set":[2],"Medical Kit":[0],"Burning Blood":165,"Nunchaku":[11],"Sundial":[14],"Mummified Hand":[42],"Tiny Chest":1,"Art of War":[8],"Membership Card":907,"obtain_stats":[{"Girya":36,"Lantern":45,"Gremlin Horn":25,"Astrolabe":34,"Dead Branch":43,"Thread and Needle":48,"Cursed Key":17,"Question Card":42,"Ancient Tea Set":44,"Medical Kit":45,"Burning Blood":0,"Old Coin":30,"Nunchaku":28,"Sundial":11,"Mummified Hand":23,"Tiny Chest":14,"Art of War":9,"Membership Card":12,"Toxic Egg 2":7,"StrikeDummy":40},{"Girya":21,"Lantern":26,"Gremlin Horn":16,"Astrolabe":20,"Dead Branch":25,"Thread and Needle":28,"Cursed Key":11,"Question Card":25,"Ancient Tea Set":26,"Medical Kit":26,"Burning Blood":0,"Old Coin":18,"Nunchaku":17,"Sundial":8,"Mummified Hand":15,"Tiny Chest":10,"Art of War":6,"Membership Card":8,"Toxic Egg 2":5,"StrikeDummy":24},{"Girya":101,"Lantern":128,"Gremlin Horn":76,"Astrolabe":98,"Dead Branch":122,"Thread and Needle":132,"Cursed Key":49,"Question Card":122,"Ancient Tea Set":128,"Medical Kit":128,"Burning Blood":0,"Old Coin":85,"Nunchaku":80,"Sundial":30,"Mummified Hand":70,"Tiny Chest":40,"Art of War":20,"Membership Card":30,"Toxic Egg 2":18,"StrikeDummy":119}]},"card_choices":[{"not_picked":["Combust","Twin Strike"],"picked":"Anger","floor":1.0},{"not_picked":["Heavy Blade","Second Wind"],"picked":"Dropkick","floor":3.0},{"not_picked":["Evolve","Metallicize"],"picked":"Headbutt","floor":4.0},{"not_picked":["Brutality","Wild Strike","Thunderclap"],"picked":"SKIP","floor":5.0},{"not_picked":["Perfected Strike","Intimidate+1"],"picked":"Battle Trance+1","floor":7.0},{"not_picked":["Heavy Blade","Flex+1"],"picked":"Armaments+1","floor":8.0},{"not_picked":["Pommel Strike","Iron Wave"],"picked":"Clothesline","floor":10.0},{"not_picked":["Reckless Charge","Infernal Blade+1","Cleave"],"picked":"SKIP","floor":11.0},{"not_picked":["Wild Strike","Pommel Strike"],"picked":"Power Through+1","floor":13.0},{"not_picked":["Reckless Charge","Wild Strike"],"picked":"Feel No Pain","floor":14.0},{"not_picked":["Bludgeon","Demon Form"],"picked":"Exhume+1","floor":16.0},{"not_picked":["Armaments+1","Sword Boomerang"],"picked":"Seeing Red+1","floor":18.0},{"not_picked":["Warcry+1","Headbutt"],"picked":"Twin Strike","floor":21.0},{"not_picked":["Rampage","Dropkick","Body Slam"],"picked":"SKIP","floor":22.0},{"not_picked":["Dropkick+1","Warcry+1"],"picked":"True Grit+1","floor":23.0},{"not_picked":["Rupture","Sword Boomerang"],"picked":"Inflame","floor":24.0},{"not_picked":["Heavy Blade","Warcry+1"],"picked":"Rage+1","floor":28.0},{"not_picked":["Twin Strike","Hemokinesis+1","Body Slam+1"],"picked":"SKIP","floor":30.0},{"not_picked":["Clothesline","True Grit+1","Headbutt+1"],"picked":"SKIP","floor":31.0},{"not_picked":["Immolate","Feed"],"picked":"Offering+1","floor":33.0},{"not_picked":["Perfected Strike","Burning Pact+1","True Grit+1"],"picked":"SKIP","floor":35.0},{"not_picked":["Thunderclap","True Grit+1"],"picked":"Body Slam+1","floor":37.0},{"not_picked":["Clothesline","Rampage","Clash"],"picked":"SKIP","floor":38.0},{"not_picked":["Clothesline","Offering+1"],"picked":"Heavy Blade","floor":40.0},{"not_picked":["Heavy Blade+1","Clash","Juggernaut"],"picked":"SKIP","floor":42.0},{"not_picked":["Hemokinesis","Headbutt","Sever Soul"],"picked":"Dual Wield+1","floor":44.0},{"not_picked":["Flame Barrier+1","Armaments+1","Thunderclap+1"],"picked":"Feel No Pain","floor":47},{"not_picked":["Clothesline","Fire Breathing","Twin Strike"],"picked":"Intimidate+1","floor":48}],"player_experience":5625603,"relics_obtained":[{"floor":7.0,"key":"Toxic Egg 2"},{"floor":9.0,"key":"Art of War"},{"floor":11.0,"key":"Sundial"},{"floor":14.0,"key":"Tiny Chest"},{"floor":23.0,"key":"Mummified Hand"},{"floor":28.0,"key":"Nunchaku"},{"floor":30.0,"key":"Old Coin"},{"floor":40.0,"key":"StrikeDummy"},{"floor":42.0,"key":"Question Card"},{"floor":43.0,"key":"Dead Branch"},{"floor":44.0,"key":"Ancient Tea Set"},{"floor":48,"key":"Thread and Needle"}],"event_choices":[{"damage_healed":0.0,"max_hp_gain":0.0,"max_hp_loss":0.0,"gold_gain":0.0,"event_name":"Liars Game","player_choice":"Ignored","floor":2.0,"gold_loss":0.0,"damage_taken":0.0},{"damage_healed":0.0,"max_hp_gain":0.0,"max_hp_loss":0.0,"gold_gain":0.0,"event_name":"Nest","player_choice":"Joined the Cult","floor":20.0,"gold_loss":0.0,"damage_taken":6.0,"cards_obtained":["RitualDagger"]},{"damage_healed":43.0,"max_hp_gain":0.0,"max_hp_loss":0.0,"gold_gain":0.0,"event_name":"Wheel of Change","player_choice":"Full Heal","floor":27.0,"gold_loss":0.0,"damage_taken":0.0},{"cards_removed":["Heavy Blade"],"damage_healed":0.0,"max_hp_gain":0.0,"max_hp_loss":0.0,"gold_gain":0.0,"event_name":"Falling","player_choice":"Removed Attack","floor":46.0,"gold_loss":0.0,"damage_taken":0.0},{"damage_healed":0,"gold_gain":0,"player_choice":"Fight","damage_taken":0,"max_hp_gain":0,"max_hp_loss":0,"event_name":"Mysterious Sphere","floor":48,"gold_loss":0}],"is_beta":false,"boss_relics":[{"not_picked":["Sozu","Velvet Choker"],"picked":"Cursed Key"},{"not_picked":["Busted Crown","Mark of Pain"],"picked":"Astrolabe"}],"items_purged_floors":[12,19,25,36],"is_endless":false,"potions_floor_spawned":[1,3,7,11,13,18,21,23,24,33,37,42,47,48],"ascension_level":15}