{"gold_per_floor":[110,130,130,145,163,190,190,223,223,238,264,293,312,312,312,388,388,408,208,221,221,240,240,275,290,342,376,376,388,388,131,131,208,208,221,232,257,257,272,304,304,321,321,321,321,23,23,35,35,35],"floor_reached":51,"playtime":2241,"items_purged":["Strike_R","Bash","Writhe"],"score":1327,"play_id":"f2f6a976-95f9-41c1-864b-6be8c04c1786","local_time":"20230622120936","is_ascension_mode":true,"campfire_choices":[{"floor":7.0,"key":"REST"},{"data":"Carnage","floor":15.0,"key":"SMITH"},{"floor":23.0,"key":"REST"},{"floor":32,"key":"REST"},{"floor":41,"key":"REST"},{"data":"Inflame","floor":44,"key":"SMITH"},{"data":"Corruption","floor":47,"key":"SMITH"},{"data":"Heavy Blade","floor":49,"key":"SMITH"}],"neow_cost":"NONE","seed_source_timestamp":0,"circlet_count":0,"master_deck":["AscendersBane","Strike_R+1","Strike_R+1","Defend_R+1","Defend_R+1","Defend_R+1","Defend_R+1","Heavy Blade+1","Twin Strike","Battle Trance","Cleave","Anger","Carnage+1","Flame Barrier+1","Feed","Shrug It Off+1","Impervious+1","Inflame+1","Flex+1","Havoc+1","Shrug It Off+1","Disarm+1","Shrug It Off+1","Shockwave+1","Corruption+1","Seeing Red+1","Offering+1","Pommel Strike+1","Warcry+1","Whirlwind+1","True Grit+1","Shrug It Off+1","Shockwave+1"],"special_seed":0,"relics":["Burning Blood","TungstenRod","Vajra","Toxic Egg 2","Odd Mushroom","Blue Candle","SlaversCollar","Nunchaku","Juzu Bracelet","Ginger","Bottled Tornado","Orrery","Cursed Key","CaptainsWheel","The Courier","DollysMirror"],"potions_floor_usage":[33,40,50,50],"damage_taken":[{"damage":8.0,"enemies":"2 Louse","floor":1.0,"turns":2.0},{"damage":11.0,"enemies":"Small Slimes","floor":2.0,"turns":5.0},{"damage":7.0,"enemies":"Jaw Worm","floor":4.0,"turns":3.0},{"damage":18.0,"enemies":"Gremlin Gang","floor":5.0,"turns":8.0},{"damage":35.0,"enemies":"Lagavulin","floor":6.0,"turns":6.0},{"damage":21.0,"enemies":"Gremlin Nob","floor":8.0,"turns":4.0},{"damage":5.0,"enemies":"Looter","floor":10.0,"turns":3.0},{"damage":2.0,"enemies":"The Mushroom Lair","floor":11.0,"turns":4.0},{"damage":9.0,"enemies":"3 Sentries","floor":12.0,"turns":5.0},{"damage":0.0,"enemies":"Lots of Slimes","floor":13.0,"turns":3.0},{"damage":8.0,"enemies":"Slime Boss","floor":16.0,"turns":9.0},{"damage":16.0,"enemies":"Spheric Guardian","floor":18.0,"turns":5.0},{"damage":5.0,"enemies":"3 Byrds","floor":20.0,"turns":8.0},{"damage":9.0,"enemies":"Snecko","floor":22.0,"turns":4.0},{"damage":18.0,"enemies":"Slavers","floor":24.0,"turns":5.0},{"damage":19.0,"enemies":"Shelled Parasite and Fungi","floor":25.0,"turns":7.0},{"damage":30.0,"enemies":"Gremlin Leader","floor":27.0,"turns":8.0},{"damage":19.0,"enemies":"Snake Plant","floor":29.0,"turns":5.0},{"damage":54,"enemies":"Champ","floor":33,"turns":12},{"damage":5,"enemies":"3 Shapes","floor":35,"turns":5},{"damage":16,"enemies":"Orb Walker","floor":36,"turns":5},{"damage":4,"enemies":"Mind Bloom Boss Battle","floor":37,"turns":9},{"damage":30,"enemies":"Jaw Worm Horde","floor":39,"turns":6},{"damage":28,"enemies":"Giant Head","floor":40,"turns":8},{"damage":5,"enemies":"Transient","floor":42,"turns":5},{"damage":5,"enemies":"Maw","floor":48,"turns":6},{"damage":9,"enemies":"Donu and Deca","floor":50,"turns":11}],"seed_played":"-3999477941070376082","potions_obtained":[{"floor":0.0,"key":"EssenceOfSteel"},{"floor":0.0,"key":"CultistPotion"},{"floor":8.0,"key":"ElixirPotion"},{"floor":10.0,"key":"EssenceOfSteel"},{"floor":11.0,"key":"BlessingOfTheForge"},{"floor":12.0,"key":"SkillPotion"},{"floor":18.0,"key":"DuplicationPotion"},{"floor":25.0,"key":"BloodPotion"},{"floor":27.0,"key":"Weak Potion"},{"floor":36,"key":"AttackPotion"},{"floor":37,"key":"BlessingOfTheForge"},{"floor":40,"key":"SteroidPotion"}],"is_trial":false,"path_per_floor":["M","M","?","M","M","E","R","E","T","M","?","E","M","?","R","B",null,"M","$","M","?","M","R","E","M","T","E","?","M","T","$","R","B",null,"M","M","?","?","M","E","R","M","T","R","?","$","R","M","R","B",null],"character_chosen":"IRONCLAD","basemod:card_modifiers":[null,null,null,null,null,null,null,null,null,null,null,null,null,null,null,null,null,null,null,null,null,null,null,null,null,null,null,null,null,null,null,null,null],"items_purchased":["Strength Potion","Inflame","Orrery","PowerPotion","Shrug It Off+1","DollysMirror"],"campfire_rested":4,"item_purchase_floors":[19,19,31,46,46,46],"current_hp_per_floor":[66,61,54,53,41,12,34,19,19,20,24,21,30,35,35,36,74,64,64,68,43,43,72,63,53,53,32,32,43,43,43,75,30,92,96,86,91,91,70,48,84,85,85,85,109,109,109,113,113,110],"gold":35,"neow_bonus":"THREE_SMALL_POTIONS","is_prod":false,"is_daily":false,"chose_seed":false,"campfire_upgraded":4,"win_rate":0,"timestamp":1687460976,"path_taken":["M","M","?","M","M","E","R","E","T","M","?","E","M","?","R","BOSS","M","$","M","?","M","R","E","M","T","E","?","M","?","$","R","BOSS","M","M","?","?","M","E","R","M","T","R","?","$","R","M","R","BOSS"],"build_version":"2022-12-18","purchased_purges":3,"victory":true,"max_hp_per_floor":[75,75,75,75,75,75,75,75,75,75,75,75,78,83,83,86,86,86,86,89,94,97,97,100,103,103,106,106,109,109,109,109,112,112,115,115,118,118,121,121,121,121,121,121,121,121,121,124,124,124],"relic_stats":{"Nunchaku":[16],"counters":[27,161],"Blue Candle":[2],"The Courier":75,"Juzu Bracelet":2,"Ginger":[8],"Bottled Tornado":"Inflame","Cursed Key":0,"obtain_stats":[{"Blue Candle":12,"Vajra":8,"The Courier":40,"Juzu Bracelet":26,"Ginger":27,"Odd Mushroom":11,"Bottled Tornado":30,"Cursed Key":34,"Burning Blood":0,"SlaversCollar":17,"Nunchaku":24,"CaptainsWheel":37,"DollysMirror":46,"Orrery":31,"Toxic Egg 2":9,"TungstenRod":6},{"Blue Candle":9,"Vajra":6,"The Courier":24,"Juzu Bracelet":16,"Ginger":17,"Odd Mushroom":8,"Bottled Tornado":18,"Cursed Key":19,"Burning Blood":0,"SlaversCollar":11,"Nunchaku":15,"CaptainsWheel":22,"DollysMirror":25,"Orrery":18,"Toxic Egg 2":6,"TungstenRod":5},{"Blue Candle":40,"Vajra":28,"The Courier":139,"Juzu Bracelet":81,"Ginger":89,"Odd Mushroom":35,"Bottled Tornado":94,"Cursed Key":106,"Burning Blood":0,"SlaversCollar":52,"Nunchaku":74,"CaptainsWheel":125,"DollysMirror":144,"Orrery":94,"Toxic Egg 2":28,"TungstenRod":24}],"Burning Blood":162,"TungstenRod":62},"card_choices":[{"not_picked":["Thunderclap","Flex"],"picked":"Heavy Blade","floor":1.0},{"not_picked":["Ghostly Armor","Heavy Blade"],"picked":"Twin Strike","floor":2.0},{"not_picked":["Rage","Clash"],"picked":"Battle Trance","floor":4.0},{"not_picked":["Clash","Iron Wave"],"picked":"Cleave","floor":5.0},{"not_picked":["Flex","Body Slam"],"picked":"Anger","floor":6.0},{"not_picked":["Perfected Strike","Juggernaut","Anger"],"picked":"SKIP","floor":8.0},{"not_picked":["Evolve","Heavy Blade"],"picked":"Carnage","floor":10.0},{"not_picked":["Body Slam","Sword Boomerang"],"picked":"Flame Barrier+1","floor":11.0},{"not_picked":["Shrug It Off+1","Pommel Strike"],"picked":"Feed","floor":12.0},{"not_picked":["Ghostly Armor+1","Havoc+1"],"picked":"Shrug It Off+1","floor":13.0},{"not_picked":["Barricade","Double Tap+1"],"picked":"Impervious+1","floor":16.0},{"not_picked":["Anger","Pommel Strike","Twin Strike"],"picked":"SKIP","floor":18.0},{"not_picked":["Body Slam+1","Evolve"],"picked":"Flex+1","floor":20.0},{"not_picked":["Wild Strike","Bloodletting+1"],"picked":"Havoc+1","floor":22.0},{"not_picked":["Iron Wave","Armaments+1"],"picked":"Shrug It Off+1","floor":24.0},{"not_picked":["Headbutt","Pommel Strike"],"picked":"Disarm+1","floor":25.0},{"not_picked":["Perfected Strike","Juggernaut"],"picked":"Shrug It Off+1","floor":27.0},{"not_picked":["Fire Breathing","Thunderclap+1","Flex+1"],"picked":"SKIP","floor":29.0},{"not_picked":["Heavy Blade","Feed"],"picked":"Shockwave+1","floor":31},{"not_picked":["Carnage","Pummel+1"],"picked":"Corruption","floor":31},{"not_picked":["Clothesline","Wild Strike+1"],"picked":"Seeing Red+1","floor":31},{"not_picked":["Impervious+1","Brutality"],"picked":"Offering+1","floor":33},{"not_picked":["Sword Boomerang","Pommel Strike","Heavy Blade"],"picked":"SKIP","floor":35},{"not_picked":["Fire Breathing","Metallicize"],"picked":"Pommel Strike+1","floor":36},{"not_picked":["Clothesline","Anger"],"picked":"Warcry+1","floor":37},{"not_picked":["Reckless Charge","Cleave+1","Headbutt+1"],"picked":"SKIP","floor":39},{"not_picked":["Bloodletting+1","Cleave"],"picked":"Whirlwind+1","floor":40},{"not_picked":["Headbutt","Flex+1"],"picked":"True Grit+1","floor":42},{"not_picked":["Uppercut","Flex+1","True Grit+1"],"picked":"SKIP","floor":48}],"player_experience":5693459,"relics_obtained":[{"floor":6.0,"key":"TungstenRod"},{"floor":8.0,"key":"Vajra"},{"floor":9.0,"key":"Toxic Egg 2"},{"floor":11.0,"key":"Odd Mushroom"},{"floor":12.0,"key":"Blue Candle"},{"floor":24.0,"key":"Nunchaku"},{"floor":26.0,"key":"Juzu Bracelet"},{"floor":27.0,"key":"Ginger"},{"floor":30.0,"key":"Bottled Tornado"},{"floor":37,"key":"CaptainsWheel"},{"floor":40,"key":"The Courier"}],"event_choices":[{"cards_removed":["Strike_R"],"damage_healed":0.0,"max_hp_gain":0.0,"max_hp_loss":0.0,"gold_gain":0.0,"event_name":"Golden Wing","player_choice":"Card Removal","floor":3.0,"gold_loss":0.0,"damage_taken":7.0},{"damage_healed":0.0,"max_hp_gain":0.0,"max_hp_loss":0.0,"gold_gain":0.0,"event_name":"Mushrooms","player_choice":"Fought Mushrooms","floor":11.0,"gold_loss":0.0,"damage_taken":0.0},{"damage_healed":0.0,"max_hp_gain":5.0,"max_hp_loss":0.0,"gold_gain":0.0,"event_name":"Big Fish","player_choice":"Donut","floor":14.0,"gold_loss":0.0,"damage_taken":0.0},{"damage_healed":0.0,"max_hp_gain":5.0,"max_hp_loss":0.0,"gold_gain":0.0,"event_name":"Forgotten Altar","player_choice":"Shed Blood","floor":21.0,"gold_loss":0.0,"damage_taken":31.0},{"damage_healed":0.0,"max_hp_gain":0.0,"max_hp_loss":0.0,"gold_gain":0.0,"event_name":"Back to Basics","player_choice":"Simplicity","floor":28.0,"gold_loss":0.0,"damage_taken":0.0,"cards_upgraded":["Strike_R","Strike_R","Strike_R","Defend_R","Defend_R","Defend_R","Defend_R"]},{"damage_healed":0,"gold_gain":0,"player_choice":"Fight","damage_taken":0,"max_hp_gain":0,"max_hp_loss":0,"event_name":"MindBloom","floor":37,"gold_loss":0},{"cards_removed":["Strike_R"],"damage_healed":0,"gold_gain":0,"player_choice":"Offered Basic","damage_taken":0,"max_hp_gain":0,"max_hp_loss":0,"event_name":"Bonfire Elementals","floor":38,"gold_loss":0},{"damage_healed":24,"gold_gain":0,"player_choice":"Writhe","damage_taken":0,"max_hp_gain":0,"max_hp_loss":0,"event_name":"Winding Halls","floor":45,"gold_loss":0,"cards_obtained":["Writhe"]}],"is_beta":false,"boss_relics":[{"not_picked":["Pandora\u0027s Box","Tiny House"],"picked":"SlaversCollar"},{"not_picked":["Astrolabe","Black Star"],"picked":"Cursed Key"}],"items_purged_floors":[19,31,46],"is_endless":false,"potions_floor_spawned":[2,8,10,11,12,18,25,27,36,37,40,48],"ascension_level":15}