{"gold_per_floor":[112,112,128,143,153,186,213,225,237,249,7,32,45,80,80,154,154,167,180,196,211,223,255,255,289,364,364,376,202,212,240,240,311,311,321,543,47,62,73,98,115,115,183,35,68,81,98,118,118,118],"floor_reached":51,"playtime":1907,"items_purged":["Strike_R","Strike_R","Strike_R"],"score":1475,"play_id":"3076563d-8588-4c0c-8b90-a9b639506bbe","local_time":"20230624175602","is_ascension_mode":true,"campfire_choices":[{"data":"Whirlwind","floor":8.0,"key":"SMITH"},{"data":"Inflame","floor":10.0,"key":"SMITH"},{"data":"Armaments","floor":15.0,"key":"SMITH"},{"floor":24.0,"key":"REST"},{"data":"Shrug It Off","floor":27.0,"key":"SMITH"},{"data":"Burning Pact","floor":32.0,"key":"SMITH"},{"floor":49,"key":"REST"}],"neow_cost":"NONE","seed_source_timestamp":548804059050900,"circlet_count":0,"master_deck":["AscendersBane","Strike_R","Strike_R+1","Defend_R","Defend_R","Defend_R","Defend_R","Bash+1","Flame Barrier","Inflame+1","Pommel Strike","Twin Strike","Whirlwind+1","Anger","Battle Trance","Armaments+1","Impervious","Rage+1","Headbutt","Disarm+1","Shrug It Off+1","Spot Weakness+1","Feel No Pain","Burning Pact+1","Offering","Master of Strategy","Disarm+1","Limit Break","Parasite","Clothesline+1","Heavy Blade+1","Shockwave"],"special_seed":0,"relics":["Burning Blood","Blood Vial","MawBank","HornCleat","Pen Nib","Darkstone Periapt","Eternal Feather","Runic Dome","Gremlin Horn","Whetstone","Bottled Flame","Red Mask","Fusion Hammer","Anchor","MealTicket","Mummified Hand","Chemical X","Vajra"],"potions_floor_usage":[45,50],"damage_taken":[{"damage":5.0,"enemies":"2 Louse","floor":1.0,"turns":4.0},{"damage":16.0,"enemies":"Cultist","floor":3.0,"turns":4.0},{"damage":7.0,"enemies":"Jaw Worm","floor":4.0,"turns":5.0},{"damage":17.0,"enemies":"Looter","floor":5.0,"turns":3.0},{"damage":50.0,"enemies":"3 Sentries","floor":6.0,"turns":11.0},{"damage":8.0,"enemies":"3 Louse","floor":7.0,"turns":4.0},{"damage":15.0,"enemies":"Gremlin Nob","floor":12.0,"turns":4.0},{"damage":0.0,"enemies":"Exordium Wildlife","floor":13.0,"turns":3.0},{"damage":8.0,"enemies":"Lagavulin","floor":14.0,"turns":6.0},{"damage":0.0,"enemies":"Slime Boss","floor":16.0,"turns":7.0},{"damage":1.0,"enemies":"2 Thieves","floor":18.0,"turns":3.0},{"damage":1.0,"enemies":"3 Byrds","floor":19.0,"turns":4.0},{"damage":32.0,"enemies":"Snecko","floor":20.0,"turns":6.0},{"damage":20.0,"enemies":"Cultist and Chosen","floor":21.0,"turns":7.0},{"damage":11.0,"enemies":"Shelled Parasite and Fungi","floor":22.0,"turns":5.0},{"damage":13.0,"enemies":"Slavers","floor":23.0,"turns":5.0},{"damage":17.0,"enemies":"Book of Stabbing","floor":25.0,"turns":5.0},{"damage":0.0,"enemies":"3 Cultists","floor":28.0,"turns":1.0},{"damage":0.0,"enemies":"Snecko","floor":30.0,"turns":4.0},{"damage":1.0,"enemies":"Masked Bandits","floor":31.0,"turns":2.0},{"damage":76.0,"enemies":"Collector","floor":33.0,"turns":9.0},{"damage":0,"enemies":"Orb Walker","floor":35,"turns":2},{"damage":5,"enemies":"3 Darklings","floor":38,"turns":4},{"damage":0,"enemies":"Jaw Worm Horde","floor":39,"turns":1},{"damage":6,"enemies":"Reptomancer","floor":40,"turns":4},{"damage":8,"enemies":"Writhing Mass","floor":41,"turns":7},{"damage":23,"enemies":"Giant Head","floor":45,"turns":6},{"damage":0,"enemies":"Sphere and 2 Shapes","floor":46,"turns":1},{"damage":0,"enemies":"3 Darklings","floor":47,"turns":1},{"damage":6,"enemies":"Maw","floor":48,"turns":5},{"damage":5,"enemies":"Time Eater","floor":50,"turns":7}],"seed_played":"1815548131949992168","potions_obtained":[{"floor":1.0,"key":"BloodPotion"},{"floor":2.0,"key":"SteroidPotion"},{"floor":6.0,"key":"Block Potion"},{"floor":12.0,"key":"Weak Potion"},{"floor":13.0,"key":"PowerPotion"},{"floor":16.0,"key":"SpeedPotion"},{"floor":22.0,"key":"Fire Potion"},{"floor":28.0,"key":"BlessingOfTheForge"},{"floor":31.0,"key":"Fruit Juice"},{"floor":33.0,"key":"SmokeBomb"},{"floor":38,"key":"SkillPotion"},{"floor":46,"key":"PowerPotion"},{"floor":48,"key":"Energy Potion"}],"is_trial":false,"path_per_floor":["M","?","M","M","M","E","M","R","T","R","$","E","M","E","R","B",null,"M","M","M","M","M","E","R","E","T","R","M","$","M","?","R","B",null,"M","?","$","M","M","E","M","?","T","$","E","M","M","M","R","B",null],"character_chosen":"IRONCLAD","basemod:card_modifiers":[null,null,null,null,null,null,null,null,null,null,null,null,null,null,null,null,null,null,null,null,null,null,null,null,null,null,null,null,null,null,null,null],"items_purchased":["Pen Nib","Anger","Feel No Pain","Anchor","Master of Strategy","FearPotion","Chemical X"],"campfire_rested":2,"item_purchase_floors":[11,11,29,37,37,37,44],"current_hp_per_floor":[71,71,63,64,55,28,28,28,28,28,28,21,29,29,38,46,68,75,75,49,37,34,29,63,54,54,66,74,74,75,75,75,10,63,71,71,71,74,80,80,84,82,82,82,65,73,81,82,82,82],"gold":118,"neow_bonus":"RANDOM_COMMON_RELIC","is_prod":false,"is_daily":false,"chose_seed":false,"campfire_upgraded":5,"win_rate":0,"timestamp":1687654562,"path_taken":["M","?","M","M","M","E","M","R","T","R","$","E","M","E","R","BOSS","M","?","M","M","M","E","R","E","T","R","M","$","M","?","R","BOSS","M","?","$","M","M","E","M","?","T","?","E","M","M","M","R","BOSS"],"build_version":"2022-12-18","purchased_purges":3,"victory":true,"max_hp_per_floor":[75,75,75,75,75,75,75,75,75,75,75,75,75,75,75,75,75,75,75,75,75,75,75,75,75,75,75,75,75,75,75,75,80,80,80,80,80,80,80,80,86,82,82,82,82,82,82,82,82,82],"relic_stats":{"Darkstone Periapt":6,"Gremlin Horn":[10,10],"counters":[31,140],"Eternal Feather":33,"Pen Nib":[19],"Whetstone":["Bash","Strike_R"],"MawBank":60,"Burning Blood":167,"Blood Vial":44,"Bottled Flame":"Whirlwind","Mummified Hand":[7],"MealTicket":0,"Chemical X":[8],"obtain_stats":[{"Darkstone Periapt":12,"Gremlin Horn":23,"Vajra":45,"Eternal Feather":14,"Pen Nib":11,"Whetstone":25,"MawBank":6,"Burning Blood":0,"Blood Vial":0,"Runic Dome":17,"Bottled Flame":26,"Anchor":37,"HornCleat":9,"Mummified Hand":43,"MealTicket":40,"Fusion Hammer":34,"Red Mask":31,"Chemical X":44},{"Darkstone Periapt":7,"Gremlin Horn":16,"Vajra":27,"Eternal Feather":9,"Pen Nib":6,"Whetstone":17,"MawBank":5,"Burning Blood":0,"Blood Vial":0,"Runic Dome":10,"Bottled Flame":17,"Anchor":22,"HornCleat":6,"Mummified Hand":26,"MealTicket":25,"Fusion Hammer":21,"Red Mask":20,"Chemical X":26},{"Darkstone Periapt":35,"Gremlin Horn":81,"Vajra":126,"Eternal Feather":44,"Pen Nib":31,"Whetstone":86,"MawBank":27,"Burning Blood":0,"Blood Vial":0,"Runic Dome":51,"Bottled Flame":86,"Anchor":104,"HornCleat":31,"Mummified Hand":120,"MealTicket":113,"Fusion Hammer":102,"Red Mask":93,"Chemical X":120}]},"card_choices":[{"not_picked":["Reckless Charge","Body Slam","True Grit"],"picked":"SKIP","floor":1.0},{"not_picked":["Iron Wave","Blood for Blood"],"picked":"Flame Barrier","floor":3.0},{"not_picked":["Heavy Blade","Spot Weakness"],"picked":"Inflame","floor":4.0},{"not_picked":["Dropkick","Perfected Strike"],"picked":"Pommel Strike","floor":5.0},{"not_picked":["Entrench","Burning Pact"],"picked":"Twin Strike","floor":6.0},{"not_picked":["Flex","Berserk"],"picked":"Whirlwind","floor":7.0},{"not_picked":["Heavy Blade","Perfected Strike"],"picked":"Battle Trance","floor":12.0},{"not_picked":["Body Slam","Dropkick"],"picked":"Armaments","floor":13.0},{"not_picked":["Perfected Strike","Rupture","Heavy Blade"],"picked":"SKIP","floor":14.0},{"not_picked":["Exhume","Immolate"],"picked":"Impervious","floor":16.0},{"not_picked":["Cleave","Carnage"],"picked":"Rage+1","floor":18.0},{"not_picked":["Cleave","Perfected Strike"],"picked":"Headbutt","floor":19.0},{"not_picked":["Fire Breathing","Body Slam","Infernal Blade"],"picked":"SKIP","floor":20.0},{"not_picked":["Flex","Havoc","Hemokinesis"],"picked":"SKIP","floor":21.0},{"not_picked":["Cleave","Perfected Strike","Pommel Strike"],"picked":"SKIP","floor":22.0},{"not_picked":["Armaments","Power Through"],"picked":"Disarm+1","floor":23.0},{"not_picked":["Power Through","Anger"],"picked":"Shrug It Off","floor":25.0},{"not_picked":["Twin Strike","Inflame"],"picked":"Spot Weakness+1","floor":28.0},{"not_picked":["Headbutt+1","Blood for Blood","Warcry"],"picked":"SKIP","floor":30.0},{"not_picked":["Second Wind","Pommel Strike"],"picked":"Burning Pact","floor":31.0},{"not_picked":["Berserk","Demon Form"],"picked":"Offering","floor":33.0},{"not_picked":["Cleave","Havoc","Clash"],"picked":"SKIP","floor":35},{"not_picked":["Hemokinesis","True Grit"],"picked":"Disarm+1","floor":38},{"not_picked":["Wild Strike+1","Armaments"],"picked":"Limit Break","floor":39},{"not_picked":["Wild Strike","Infernal Blade","Feel No Pain"],"picked":"SKIP","floor":40},{"not_picked":["Headbutt+1","Cleave","Havoc"],"picked":"SKIP","floor":41},{"not_picked":["Body Slam","Intimidate"],"picked":"Clothesline+1","floor":45},{"not_picked":["Shrug It Off","Power Through"],"picked":"Heavy Blade+1","floor":46},{"not_picked":["Flame Barrier","Sentinel"],"picked":"Shockwave","floor":47},{"not_picked":["Intimidate+1","Headbutt","Power Through"],"picked":"SKIP","floor":48}],"player_experience":5698514,"relics_obtained":[{"floor":6.0,"key":"MawBank"},{"floor":9.0,"key":"HornCleat"},{"floor":12.0,"key":"Darkstone Periapt"},{"floor":14.0,"key":"Eternal Feather"},{"floor":23.0,"key":"Gremlin Horn"},{"floor":25.0,"key":"Whetstone"},{"floor":26.0,"key":"Bottled Flame"},{"floor":31.0,"key":"Red Mask"},{"floor":40,"key":"MealTicket"},{"floor":43,"key":"Mummified Hand"},{"floor":45,"key":"Vajra"}],"event_choices":[{"damage_healed":0.0,"max_hp_gain":0.0,"max_hp_loss":0.0,"gold_gain":0.0,"event_name":"Lab","player_choice":"Got Potions","floor":2.0,"gold_loss":0.0,"damage_taken":0.0},{"damage_healed":0.0,"max_hp_gain":0.0,"max_hp_loss":0.0,"gold_gain":0.0,"event_name":"Masked Bandits","player_choice":"Fought Bandits","floor":31.0,"gold_loss":0.0,"damage_taken":0.0},{"damage_healed":0,"gold_gain":222,"player_choice":"Wore Mask","damage_taken":0,"max_hp_gain":0,"max_hp_loss":0,"event_name":"Tomb of Lord Red Mask","floor":36,"gold_loss":0},{"damage_healed":0,"gold_gain":0,"player_choice":"Max HP","damage_taken":0,"max_hp_gain":0,"max_hp_loss":4,"event_name":"Winding Halls","floor":42,"gold_loss":0}],"is_beta":false,"boss_relics":[{"not_picked":["SlaversCollar","SacredBark"],"picked":"Runic Dome"},{"not_picked":["Snecko Eye","Astrolabe"],"picked":"Fusion Hammer"}],"items_purged_floors":[11,29,37],"is_endless":false,"potions_floor_spawned":[1,6,12,13,16,19,22,28,31,33,38,40,46,48],"ascension_level":15}