{"gold_per_floor":[216,231,245,263,278,278,304,333,356,356,369,404,404,1,1,79,79,96,96,106,106,6,37,37,63,143,143,174,174,188,204,204,281,281,297,317,317,331,301,334,284,299,299,181,211,211,227,227,227,227],"floor_reached":51,"playtime":2045,"items_purged":["Strike_R","Strike_R","Iron Wave","Strike_R"],"score":1363,"play_id":"e8bef156-1c7e-4be7-88a3-6ef0d4f92342","local_time":"20230620153114","is_ascension_mode":true,"campfire_choices":[{"data":"Uppercut","floor":6.0,"key":"SMITH"},{"data":"Inflame","floor":10.0,"key":"SMITH"},{"data":"Disarm","floor":15.0,"key":"SMITH"},{"data":"Immolate","floor":24.0,"key":"SMITH"},{"data":"Twin Strike","floor":27.0,"key":"SMITH"},{"floor":29.0,"key":"REST"},{"floor":32.0,"key":"REST"},{"data":"Bash","floor":46,"key":"SMITH"},{"data":"Anger","floor":49,"key":"SMITH"}],"neow_cost":"NONE","seed_source_timestamp":194067007390000,"circlet_count":0,"master_deck":["AscendersBane","Strike_R","Strike_R","Defend_R","Defend_R","Defend_R","Defend_R","Bash+1","Anger+1","Uppercut+1","Inflame+1","Disarm+1","Twin Strike+1","Immolate+1","Ghostly Armor","Limit Break+1","Reaper","Armaments+1","Shrug It Off+1","Warcry+1","Flame Barrier+1","Shrug It Off+1","Headbutt+1","Pommel Strike+1","True Grit+1","Offering+1","Rage+1","Burning Pact+1"],"special_seed":0,"relics":["Burning Blood","Odd Mushroom","Blue Candle","Akabeko","Anchor","Toxic Egg 2","Runic Pyramid","Strawberry","Smiling Mask","StrikeDummy","PreservedInsect","Cursed Key","Mercury Hourglass","Ornamental Fan"],"potions_floor_usage":[33,39,40,50,50],"damage_taken":[{"damage":11.0,"enemies":"Cultist","floor":1.0,"turns":4.0},{"damage":8.0,"enemies":"Jaw Worm","floor":2.0,"turns":4.0},{"damage":8.0,"enemies":"2 Louse","floor":3.0,"turns":3.0},{"damage":3.0,"enemies":"Large Slime","floor":4.0,"turns":5.0},{"damage":13.0,"enemies":"Exordium Thugs","floor":5.0,"turns":6.0},{"damage":17.0,"enemies":"The Mushroom Lair","floor":7.0,"turns":5.0},{"damage":17.0,"enemies":"Gremlin Nob","floor":8.0,"turns":4.0},{"damage":13.0,"enemies":"Lots of Slimes","floor":11.0,"turns":8.0},{"damage":13.0,"enemies":"Lagavulin","floor":12.0,"turns":5.0},{"damage":21.0,"enemies":"The Guardian","floor":16.0,"turns":12.0},{"damage":2.0,"enemies":"Chosen","floor":18.0,"turns":4.0},{"damage":42.0,"enemies":"Spheric Guardian","floor":20.0,"turns":6.0},{"damage":21.0,"enemies":"Book of Stabbing","floor":23.0,"turns":7.0},{"damage":24.0,"enemies":"Gremlin Leader","floor":25.0,"turns":8.0},{"damage":58.0,"enemies":"Book of Stabbing","floor":28.0,"turns":7.0},{"damage":24.0,"enemies":"Snecko","floor":30.0,"turns":5.0},{"damage":14.0,"enemies":"Shelled Parasite and Fungi","floor":31.0,"turns":9.0},{"damage":86,"enemies":"Collector","floor":33,"turns":10},{"damage":41,"enemies":"3 Darklings","floor":35,"turns":8},{"damage":6,"enemies":"Orb Walker","floor":36,"turns":4},{"damage":16,"enemies":"Spire Growth","floor":38,"turns":6},{"damage":19,"enemies":"Nemesis","floor":40,"turns":5},{"damage":5,"enemies":"3 Darklings","floor":42,"turns":5},{"damage":17,"enemies":"Giant Head","floor":45,"turns":6},{"damage":7,"enemies":"Writhing Mass","floor":47,"turns":6},{"damage":71,"enemies":"Donu and Deca","floor":50,"turns":8}],"seed_played":"643188974832080877","potions_obtained":[{"floor":1.0,"key":"Regen Potion"},{"floor":2.0,"key":"Energy Potion"},{"floor":3.0,"key":"PowerPotion"},{"floor":8.0,"key":"Regen Potion"},{"floor":16.0,"key":"Explosive Potion"},{"floor":25.0,"key":"LiquidMemories"},{"floor":30.0,"key":"ElixirPotion"},{"floor":33,"key":"LiquidMemories"},{"floor":39,"key":"Fruit Juice"},{"floor":39,"key":"BloodPotion"},{"floor":40,"key":"Weak Potion"},{"floor":42,"key":"Strength Potion"}],"is_trial":false,"path_per_floor":["M","M","M","M","M","R","?","E","T","R","M","E","?","$","R","B",null,"M","?","M","?","$","E","R","E","T","R","E","R","M","M","R","B",null,"M","M","?","M","?","E","$","M","T","$","E","R","M","?","R","B",null],"character_chosen":"IRONCLAD","basemod:card_modifiers":[null,null,null,null,null,null,null,null,null,null,null,null,null,null,null,null,null,null,null,null,null,null,null,null,null,null,null,null],"items_purchased":["Toxic Egg 2","Limit Break+1","Offering+1"],"campfire_rested":2,"item_purchase_floors":[14,14,44],"current_hp_per_floor":[63,73,71,74,67,67,56,45,45,45,53,46,51,51,51,36,69,80,80,58,35,35,43,43,73,73,73,37,64,46,39,66,22,75,92,92,92,92,97,97,97,97,97,97,86,86,85,85,85,81],"gold":227,"neow_bonus":"HUNDRED_GOLD","is_prod":false,"is_daily":false,"chose_seed":false,"campfire_upgraded":7,"win_rate":0,"timestamp":1687300274,"path_taken":["M","M","?","M","M","R","?","E","T","R","M","E","?","$","R","BOSS","M","?","M","?","$","E","R","E","T","R","E","R","?","M","R","BOSS","M","M","?","M","?","E","$","M","T","$","E","R","?","?","R","BOSS"],"build_version":"2022-12-18","purchased_purges":4,"victory":true,"max_hp_per_floor":[75,75,75,75,75,75,75,75,75,75,75,75,80,80,80,80,80,80,80,80,85,85,92,92,92,92,92,92,92,92,92,92,92,92,92,92,92,92,97,97,97,97,97,97,97,97,97,92,92,92],"relic_stats":{"counters":[26,160],"Ornamental Fan":[4],"Blue Candle":[0],"PreservedInsect":180,"Smiling Mask":175,"Cursed Key":0,"obtain_stats":[{"Blue Candle":8,"PreservedInsect":28,"Odd Mushroom":7,"Smiling Mask":25,"Cursed Key":34,"Burning Blood":0,"Akabeko":9,"Mercury Hourglass":40,"Anchor":12,"Ornamental Fan":45,"Strawberry":23,"Toxic Egg 2":14,"StrikeDummy":26,"Runic Pyramid":17},{"Blue Candle":7,"PreservedInsect":15,"Odd Mushroom":6,"Smiling Mask":14,"Cursed Key":18,"Burning Blood":0,"Akabeko":7,"Mercury Hourglass":22,"Anchor":9,"Ornamental Fan":24,"Strawberry":13,"Toxic Egg 2":9,"StrikeDummy":14,"Runic Pyramid":10},{"Blue Candle":31,"PreservedInsect":88,"Odd Mushroom":27,"Smiling Mask":81,"Cursed Key":112,"Burning Blood":0,"Akabeko":31,"Mercury Hourglass":135,"Anchor":44,"Ornamental Fan":146,"Strawberry":73,"Toxic Egg 2":44,"StrikeDummy":81,"Runic Pyramid":56}],"Burning Blood":140,"Mercury Hourglass":[91]},"card_choices":[{"not_picked":["Second Wind","Wild Strike","Dark Embrace"],"picked":"SKIP","floor":1.0},{"not_picked":["Heavy Blade","Body Slam"],"picked":"Anger","floor":2.0},{"not_picked":["Perfected Strike","Dropkick"],"picked":"Iron Wave","floor":3.0},{"not_picked":["Flex","Sword Boomerang"],"picked":"Uppercut","floor":4.0},{"not_picked":["Sentinel","Shrug It Off"],"picked":"Inflame","floor":5.0},{"not_picked":["Evolve","Dark Embrace"],"picked":"Disarm","floor":7.0},{"not_picked":["Burning Pact","Body Slam"],"picked":"Twin Strike","floor":8.0},{"not_picked":["Body Slam","Headbutt"],"picked":"Immolate","floor":11.0},{"not_picked":["Anger","Intimidate"],"picked":"Ghostly Armor","floor":12.0},{"not_picked":["Exhume+1","Corruption"],"picked":"Reaper","floor":16.0},{"not_picked":["Thunderclap","Pommel Strike","Fire Breathing"],"picked":"SKIP","floor":18.0},{"not_picked":["Headbutt","Clash+1"],"picked":"Armaments+1","floor":20.0},{"not_picked":["Clash","Body Slam"],"picked":"Shrug It Off+1","floor":23.0},{"not_picked":["Pommel Strike","Uppercut","Cleave"],"picked":"SKIP","floor":25.0},{"not_picked":["Dual Wield+1","Clash"],"picked":"Warcry+1","floor":28.0},{"not_picked":["Thunderclap","Evolve","Hemokinesis+1"],"picked":"SKIP","floor":30.0},{"not_picked":["Brutality","Clash"],"picked":"Flame Barrier+1","floor":31.0},{"not_picked":["Demon Form","Brutality"],"picked":"Reaper","floor":33},{"not_picked":["Iron Wave","Power Through+1"],"picked":"Shrug It Off+1","floor":35},{"not_picked":["Iron Wave","Cleave"],"picked":"Headbutt+1","floor":36},{"not_picked":["Heavy Blade","Flame Barrier+1"],"picked":"Pommel Strike+1","floor":38},{"not_picked":["Thunderclap","Anger","Perfected Strike"],"picked":"SKIP","floor":40},{"not_picked":["Thunderclap","Anger","Perfected Strike"],"picked":"SKIP","floor":40},{"not_picked":["Cleave","Flex+1"],"picked":"True Grit+1","floor":42},{"not_picked":["Uppercut","Cleave"],"picked":"Rage+1","floor":45},{"not_picked":["Thunderclap","Power Through+1"],"picked":"Burning Pact+1","floor":47}],"player_experience":5683135,"relics_obtained":[{"floor":7.0,"key":"Odd Mushroom"},{"floor":8.0,"key":"Blue Candle"},{"floor":9.0,"key":"Akabeko"},{"floor":12.0,"key":"Anchor"},{"floor":23.0,"key":"Strawberry"},{"floor":25.0,"key":"Smiling Mask"},{"floor":26.0,"key":"StrikeDummy"},{"floor":28.0,"key":"PreservedInsect"},{"floor":40,"key":"Mercury Hourglass"},{"floor":45,"key":"Ornamental Fan"}],"event_choices":[{"damage_healed":0.0,"max_hp_gain":0.0,"max_hp_loss":0.0,"gold_gain":0.0,"event_name":"Mushrooms","player_choice":"Fought Mushrooms","floor":7.0,"gold_loss":0.0,"damage_taken":0.0},{"damage_healed":0.0,"max_hp_gain":5.0,"max_hp_loss":0.0,"gold_gain":0.0,"event_name":"Big Fish","player_choice":"Donut","floor":13.0,"gold_loss":0.0,"damage_taken":0.0},{"damage_healed":0.0,"max_hp_gain":0.0,"max_hp_loss":0.0,"gold_gain":0.0,"event_name":"Ghosts","player_choice":"Ignored","floor":19.0,"gold_loss":0.0,"damage_taken":0.0},{"damage_healed":0.0,"max_hp_gain":5.0,"max_hp_loss":0.0,"gold_gain":0.0,"event_name":"Forgotten Altar","player_choice":"Shed Blood","floor":21.0,"gold_loss":0.0,"damage_taken":28.0},{"cards_removed":["Reaper"],"damage_healed":0,"gold_gain":0,"player_choice":"Removed Attack","damage_taken":0,"max_hp_gain":0,"max_hp_loss":0,"event_name":"Falling","floor":37,"gold_loss":0},{"damage_healed":0,"gold_gain":0,"player_choice":"Bought 2 Potions","damage_taken":0,"max_hp_gain":0,"max_hp_loss":0,"event_name":"The Woman in Blue","floor":39,"gold_loss":0},{"damage_healed":0,"gold_gain":0,"player_choice":"Max HP","damage_taken":0,"max_hp_gain":0,"max_hp_loss":5,"event_name":"Winding Halls","floor":48,"gold_loss":0}],"is_beta":false,"boss_relics":[{"not_picked":["SacredBark","Pandora\u0027s Box"],"picked":"Runic Pyramid"},{"not_picked":["Mark of Pain","SlaversCollar"],"picked":"Cursed Key"}],"items_purged_floors":[14,22,41,44],"is_endless":false,"potions_floor_spawned":[1,2,3,7,8,16,18,25,30,33,36,40,42,45],"ascension_level":15}