{"gold_per_floor":[361,436,436,446,3,36,36,56,56,81,92,124,124,154,154,227,227,247,263,313,324,224,253,267,300,354,354,354,57,76,103,103,180,180,193,50,96,96,115,148,148,180,180,209,209,209,13,27,27,27],"floor_reached":51,"playtime":2626,"items_purged":["Strike_R","Iron Wave","Strike_R+1"],"score":1760,"play_id":"eac49fc1-524a-4464-8409-96371d7ee37b","local_time":"20230627172328","is_ascension_mode":true,"campfire_choices":[{"floor":7.0,"key":"REST"},{"data":"Havoc","floor":13.0,"key":"SMITH"},{"data":"Inflame","floor":15.0,"key":"SMITH"},{"data":"Feel No Pain","floor":28.0,"key":"SMITH"},{"data":"Corruption","floor":32.0,"key":"SMITH"},{"floor":41,"key":"REST"},{"floor":46,"key":"DIG"},{"floor":49,"key":"DIG"}],"neow_cost":"TEN_PERCENT_HP_LOSS","seed_source_timestamp":91947713328200,"circlet_count":0,"master_deck":["AscendersBane","Strike_R+1","Defend_R","Defend_R","Defend_R","Defend_R","Bash","Headbutt","Spot Weakness","Shrug It Off","Clothesline","True Grit","Armaments","Second Wind","Havoc+1","Inflame+1","Corruption+1","Feel No Pain+1","Battle Trance","Sword Boomerang","Feed","Fiend Fire","Shrug It Off","Impervious","Feel No Pain","Shrug It Off","Offering"],"special_seed":0,"relics":["Burning Blood","Matryoshka","Happy Flower","Whetstone","Dead Branch","Lantern","White Beast Statue","Odd Mushroom","Orichalcum","MealTicket","Empty Cage","Smiling Mask","Shuriken","Tiny Chest","Nloth\u0027s Gift","Calipers","Ancient Tea Set","Black Star","Medical Kit","Shovel","The Courier","Letter Opener","Akabeko","Omamori","Sundial","Incense Burner","Pocketwatch","Bronze Scales","Ornamental Fan","Bottled Flame"],"potions_floor_usage":[40,42,42,50,50],"damage_taken":[{"damage":6.0,"enemies":"2 Louse","floor":1.0,"turns":4.0},{"damage":6.0,"enemies":"Jaw Worm","floor":4.0,"turns":5.0},{"damage":45.0,"enemies":"Gremlin Nob","floor":6.0,"turns":5.0},{"damage":0.0,"enemies":"Small Slimes","floor":8.0,"turns":4.0},{"damage":3.0,"enemies":"The Mushroom Lair","floor":10.0,"turns":4.0},{"damage":6.0,"enemies":"Exordium Thugs","floor":11.0,"turns":5.0},{"damage":12.0,"enemies":"Lagavulin","floor":12.0,"turns":5.0},{"damage":4.0,"enemies":"3 Sentries","floor":14.0,"turns":8.0},{"damage":21.0,"enemies":"Hexaghost","floor":16.0,"turns":7.0},{"damage":0.0,"enemies":"3 Byrds","floor":18.0,"turns":4.0},{"damage":12.0,"enemies":"2 Thieves","floor":19.0,"turns":3.0},{"damage":6.0,"enemies":"Snake Plant","floor":21.0,"turns":3.0},{"damage":11.0,"enemies":"Slavers","floor":23.0,"turns":6.0},{"damage":0.0,"enemies":"Cultist and Chosen","floor":24.0,"turns":5.0},{"damage":2.0,"enemies":"Gremlin Leader","floor":25.0,"turns":4.0},{"damage":6.0,"enemies":"Shelled Parasite and Fungi","floor":30.0,"turns":3.0},{"damage":8.0,"enemies":"Slavers","floor":31.0,"turns":4.0},{"damage":42.0,"enemies":"Automaton","floor":33.0,"turns":9.0},{"damage":0.0,"enemies":"Orb Walker","floor":35.0,"turns":3.0},{"damage":24.0,"enemies":"2 Orb Walkers","floor":37.0,"turns":4.0},{"damage":0,"enemies":"3 Darklings","floor":39,"turns":6},{"damage":24,"enemies":"Reptomancer","floor":40,"turns":5},{"damage":0,"enemies":"Nemesis","floor":42,"turns":3},{"damage":4,"enemies":"Giant Head","floor":44,"turns":6},{"damage":0,"enemies":"Maw","floor":48,"turns":1},{"damage":6,"enemies":"Time Eater","floor":50,"turns":7}],"seed_played":"-5416276894534938689","potions_obtained":[{"floor":1.0,"key":"Regen Potion"},{"floor":4.0,"key":"Ancient Potion"},{"floor":6.0,"key":"FearPotion"},{"floor":10.0,"key":"Swift Potion"},{"floor":11.0,"key":"LiquidMemories"},{"floor":12.0,"key":"BlessingOfTheForge"},{"floor":14.0,"key":"Fire Potion"},{"floor":16.0,"key":"Ancient Potion"},{"floor":18.0,"key":"BloodPotion"},{"floor":19.0,"key":"ElixirPotion"},{"floor":21.0,"key":"Explosive Potion"},{"floor":23.0,"key":"EssenceOfSteel"},{"floor":24.0,"key":"DuplicationPotion"},{"floor":25.0,"key":"Ancient Potion"},{"floor":30.0,"key":"SteroidPotion"},{"floor":31.0,"key":"SpeedPotion"},{"floor":40,"key":"BlessingOfTheForge"},{"floor":42,"key":"ElixirPotion"},{"floor":44,"key":"Explosive Potion"},{"floor":48,"key":"HeartOfIron"}],"is_trial":false,"path_per_floor":["M","?","?","M","$","E","R","M","T","?","M","E","R","E","R","B",null,"M","M","?","M","$","E","M","E","T","?","R","$","M","E","R","B",null,"M","$","?","?","M","E","R","E","T","E","T","R","$","M","R","B",null],"character_chosen":"IRONCLAD","basemod:card_modifiers":[null,null,null,null,null,null,null,null,null,null,null,null,null,null,null,null,null,null,null,null,null,null,null,null,null,null,null],"items_purchased":["Happy Flower","Shrug It Off","Iron Wave","Whetstone","Calipers","Medical Kit","Feel No Pain","Shrug It Off","Dexterity Potion"],"campfire_rested":2,"item_purchase_floors":[5,5,5,5,29,36,47,47,47],"current_hp_per_floor":[68,57,39,53,53,14,34,40,40,43,43,37,37,39,39,24,57,63,68,68,68,68,63,68,68,68,68,68,68,68,66,66,30,59,65,68,50,50,59,41,62,68,68,73,73,73,74,74,74,78],"gold":27,"neow_bonus":"TWO_FIFTY_GOLD","is_prod":false,"is_daily":false,"chose_seed":false,"campfire_upgraded":4,"win_rate":0,"timestamp":1687911808,"path_taken":["M","?","?","M","$","E","R","M","T","?","M","E","R","E","R","BOSS","M","M","?","M","$","E","?","E","T","?","R","$","M","E","R","BOSS","M","$","?","?","M","E","R","E","T","E","?","R","$","?","R","BOSS"],"build_version":"2022-12-18","purchased_purges":3,"victory":true,"max_hp_per_floor":[68,68,68,68,68,68,68,68,68,68,68,68,68,68,68,68,68,68,68,68,68,68,68,68,68,68,68,68,68,68,68,68,68,68,68,68,68,68,71,71,71,71,71,74,74,74,74,74,74,78],"relic_stats":{"Calipers":[2795],"Whetstone":["Strike_R","Strike_R"],"Smiling Mask":50,"Ancient Tea Set":[8],"Burning Blood":145,"Matryoshka":2,"Shovel":2,"Sundial":[2],"MealTicket":4,"Tiny Chest":1,"Happy Flower":[38],"counters":[26,123],"Dead Branch":[519],"The Courier":62,"Omamori":0,"Letter Opener":[73],"Orichalcum":[66],"Medical Kit":[20],"White Beast Statue":[0.0,0.02499840000000001,0.0,0.27258880000000013,0.0,0.4967808000000003,0.0,0.1935360000000001,0.0,0.012096000000000006,0.0,8.663486464000002],"Bottled Flame":"Fiend Fire","Shuriken":[16],"Ornamental Fan":[4],"Bronze Scales":[30],"Nloth\u0027s Gift":5,"Black Star":3,"obtain_stats":[{"Lantern":9,"Calipers":29,"Incense Burner":44,"Whetstone":5,"Empty Cage":17,"Smiling Mask":23,"Boot":25,"Ancient Tea Set":31,"Burning Blood":0,"Matryoshka":3,"Shovel":37,"Sundial":43,"MealTicket":14,"Tiny Chest":26,"Happy Flower":5,"Dead Branch":6,"The Courier":40,"Omamori":42,"Letter Opener":40,"Odd Mushroom":10,"Orichalcum":12,"Medical Kit":36,"White Beast Statue":9,"Akabeko":42,"Bottled Flame":49,"Shuriken":26,"Ornamental Fan":46,"Bronze Scales":45,"Nloth\u0027s Gift":27,"Black Star":34,"Pocketwatch":44},{"Lantern":4,"Calipers":15,"Incense Burner":24,"Whetstone":2,"Empty Cage":9,"Smiling Mask":13,"Boot":15,"Ancient Tea Set":17,"Burning Blood":0,"Matryoshka":1,"Shovel":20,"Sundial":23,"MealTicket":8,"Tiny Chest":15,"Happy Flower":2,"Dead Branch":3,"The Courier":22,"Omamori":23,"Letter Opener":22,"Odd Mushroom":5,"Orichalcum":7,"Medical Kit":19,"White Beast Statue":4,"Akabeko":23,"Bottled Flame":25,"Shuriken":15,"Ornamental Fan":24,"Bronze Scales":24,"Nloth\u0027s Gift":15,"Black Star":18,"Pocketwatch":24},{"Lantern":18,"Calipers":72,"Incense Burner":115,"Whetstone":9,"Empty Cage":47,"Smiling Mask":63,"Boot":72,"Ancient Tea Set":79,"Burning Blood":0,"Matryoshka":4,"Shovel":95,"Sundial":109,"MealTicket":40,"Tiny Chest":72,"Happy Flower":9,"Dead Branch":14,"The Courier":106,"Omamori":109,"Letter Opener":106,"Odd Mushroom":22,"Orichalcum":32,"Medical Kit":91,"White Beast Statue":18,"Akabeko":109,"Bottled Flame":116,"Shuriken":72,"Ornamental Fan":115,"Bronze Scales":115,"Nloth\u0027s Gift":72,"Black Star":88,"Pocketwatch":115}],"Pocketwatch":[3]},"card_choices":[{"not_picked":["Fire Breathing","True Grit"],"picked":"Headbutt","floor":1.0},{"not_picked":["Seeing Red","Dark Embrace"],"picked":"Spot Weakness","floor":4.0},{"not_picked":["Dark Embrace","Dropkick"],"picked":"Clothesline","floor":6.0},{"not_picked":["Infernal Blade","Bloodletting"],"picked":"True Grit","floor":8.0},{"not_picked":["Dropkick","Pommel Strike"],"picked":"Armaments","floor":10.0},{"not_picked":["Searing Blow","Evolve"],"picked":"Second Wind","floor":11.0},{"not_picked":["Wild Strike","Bloodletting"],"picked":"Havoc","floor":12.0},{"not_picked":["Warcry","Metallicize"],"picked":"Inflame","floor":14.0},{"not_picked":["Limit Break","Juggernaut"],"picked":"Corruption","floor":16.0},{"not_picked":["Anger","Perfected Strike","Flex"],"picked":"SKIP","floor":18.0},{"not_picked":["Body Slam","Heavy Blade"],"picked":"Feel No Pain","floor":19.0},{"not_picked":["Warcry+1","Dark Embrace"],"picked":"Battle Trance","floor":21.0},{"not_picked":["Flex","Thunderclap","Havoc"],"picked":"SKIP","floor":23.0},{"not_picked":["Flex","Iron Wave+1"],"picked":"Sword Boomerang","floor":24.0},{"not_picked":["Havoc","Evolve","Anger"],"picked":"SKIP","floor":25.0},{"not_picked":["Sever Soul","Iron Wave"],"picked":"Feed","floor":30.0},{"not_picked":["Second Wind","Shrug It Off"],"picked":"Fiend Fire","floor":31.0},{"not_picked":["Iron Wave","Pummel"],"picked":"Shrug It Off","floor":35.0},{"not_picked":["Hemokinesis","Armaments","Fiend Fire"],"picked":"SKIP","floor":39},{"not_picked":["Iron Wave","Clash","Dual Wield"],"picked":"SKIP","floor":40},{"not_picked":["Pummel","Infernal Blade"],"picked":"Impervious","floor":42},{"not_picked":["Combust","Inflame+1","Fiend Fire"],"picked":"SKIP","floor":44},{"not_picked":["Flex+1","Battle Trance+1"],"picked":"Offering","floor":48}],"player_experience":5704455,"relics_obtained":[{"floor":6.0,"key":"Dead Branch"},{"floor":9.0,"key":"Lantern"},{"floor":9.0,"key":"White Beast Statue"},{"floor":10.0,"key":"Odd Mushroom"},{"floor":12.0,"key":"Orichalcum"},{"floor":14.0,"key":"MealTicket"},{"floor":23.0,"key":"Smiling Mask"},{"floor":25.0,"key":"Boot"},{"floor":26.0,"key":"Shuriken"},{"floor":26.0,"key":"Tiny Chest"},{"floor":31.0,"key":"Ancient Tea Set"},{"floor":37.0,"key":"Shovel"},{"floor":40,"key":"The Courier"},{"floor":40,"key":"Letter Opener"},{"floor":42,"key":"Akabeko"},{"floor":42,"key":"Omamori"},{"floor":43,"key":"Sundial"},{"floor":44,"key":"Incense Burner"},{"floor":44,"key":"Pocketwatch"},{"floor":45,"key":"Bronze Scales"},{"floor":46,"key":"Ornamental Fan"},{"floor":49,"key":"Bottled Flame"}],"event_choices":[{"damage_healed":0.0,"max_hp_gain":0.0,"max_hp_loss":0.0,"gold_gain":75.0,"event_name":"World of Goop","player_choice":"Gather Gold","floor":2.0,"gold_loss":0.0,"damage_taken":11.0},{"damage_healed":0.0,"max_hp_gain":0.0,"max_hp_loss":0.0,"gold_gain":0.0,"event_name":"Scrap Ooze","player_choice":"Success","floor":3.0,"gold_loss":0.0,"damage_taken":18.0,"relics_obtained":["Matryoshka"]},{"damage_healed":0.0,"max_hp_gain":0.0,"max_hp_loss":0.0,"gold_gain":0.0,"event_name":"Mushrooms","player_choice":"Fought Mushrooms","floor":10.0,"gold_loss":0.0,"damage_taken":0.0},{"damage_healed":0.0,"max_hp_gain":0.0,"max_hp_loss":0.0,"gold_gain":100.0,"event_name":"The Joust","player_choice":"Bet on Murderer","floor":20.0,"gold_loss":50.0,"damage_taken":0.0},{"damage_healed":0.0,"max_hp_gain":0.0,"max_hp_loss":0.0,"gold_gain":0.0,"event_name":"N\u0027loth","player_choice":"Traded Relic","floor":27.0,"relics_lost":["Boot"],"gold_loss":0.0,"damage_taken":0.0,"relics_obtained":["Nloth\u0027s Gift"]},{"damage_healed":0.0,"max_hp_gain":0.0,"max_hp_loss":0.0,"gold_gain":0.0,"event_name":"Mysterious Sphere","player_choice":"Fight","floor":37.0,"gold_loss":0.0,"damage_taken":0.0},{"damage_healed":0,"gold_gain":0,"player_choice":"Ignored","damage_taken":0,"max_hp_gain":0,"max_hp_loss":0,"event_name":"Transmorgrifier","floor":38,"gold_loss":0}],"is_beta":false,"boss_relics":[{"not_picked":["SlaversCollar","Velvet Choker"],"picked":"Empty Cage"},{"not_picked":["Tiny House","Runic Pyramid"],"picked":"Black Star"}],"items_purged_floors":[5,22,47],"is_endless":false,"potions_floor_spawned":[1,4,6,10,11,12,14,16,18,19,21,23,24,25,30,31,33,35,37,39,40,42,44,48],"ascension_level":15}