{"gold_per_floor":[15,32,45,57,22,22,48,48,48,76,90,90,115,125,125,197,197,212,230,247,247,273,306,306,333,380,148,148,161,161,192,192,269,269,289,289,289,40,60,60,70,103,103,113,143,143,170,189,189,189],"floor_reached":51,"playtime":2125,"items_purged":["Strike_R","Strike_R"],"score":1483,"play_id":"9f7082f1-a012-4e0d-bf2c-21c694146386","local_time":"20230619161921","is_ascension_mode":true,"campfire_choices":[{"data":"Uppercut","floor":6.0,"key":"SMITH"},{"data":"Hemokinesis","floor":8.0,"key":"SMITH"},{"data":"Rage","floor":12.0,"key":"SMITH"},{"data":"Armaments","floor":15.0,"key":"SMITH"},{"data":"Immolate","floor":24.0,"key":"SMITH"},{"data":"Feed","floor":28.0,"key":"SMITH"},{"data":"Double Tap","floor":30.0,"key":"SMITH"},{"data":"Fiend Fire","floor":32.0,"key":"SMITH"},{"floor":40.0,"key":"REST"},{"floor":46.0,"key":"REST"},{"floor":49,"key":"REST"}],"neow_cost":"NO_GOLD","seed_source_timestamp":110800526510700,"circlet_count":0,"master_deck":["AscendersBane","Strike_R","Strike_R","Strike_R","Defend_R","Defend_R","Defend_R","Defend_R","Bash","Double Tap+1","Heavy Blade","Uppercut+1","Hemokinesis+1","Pommel Strike","Armaments+1","Rage+1","Feed+1","Feel No Pain","Shrug It Off","Fiend Fire+1","Pummel+1","Intimidate+1","Seeing Red","Immolate+1","Spot Weakness","Corruption+1","Anger","Offering","Shrug It Off","Master of Strategy","Battle Trance","Dual Wield","Sword Boomerang+1","Feel No Pain+1"],"special_seed":0,"relics":["Burning Blood","Singing Bowl","Bottled Lightning","Sundial","Blue Candle","Runic Pyramid","PreservedInsect","Frozen Egg 2","Pen Nib","Vajra","Kunai","Fusion Hammer","Anchor","Pear","Shuriken","Toy Ornithopter","Boot"],"potions_floor_usage":[50,50],"damage_taken":[{"damage":0.0,"enemies":"2 Louse","floor":1.0,"turns":4.0},{"damage":0.0,"enemies":"Small Slimes","floor":2.0,"turns":3.0},{"damage":7.0,"enemies":"Jaw Worm","floor":3.0,"turns":3.0},{"damage":26.0,"enemies":"Large Slime","floor":4.0,"turns":5.0},{"damage":24.0,"enemies":"Lagavulin","floor":7.0,"turns":5.0},{"damage":18.0,"enemies":"Gremlin Nob","floor":10.0,"turns":3.0},{"damage":8.0,"enemies":"3 Louse","floor":11.0,"turns":5.0},{"damage":12.0,"enemies":"Lagavulin","floor":13.0,"turns":6.0},{"damage":15.0,"enemies":"Exordium Thugs","floor":14.0,"turns":4.0},{"damage":26.0,"enemies":"Hexaghost","floor":16.0,"turns":9.0},{"damage":20.0,"enemies":"3 Byrds","floor":18.0,"turns":6.0},{"damage":2.0,"enemies":"Shell Parasite","floor":19.0,"turns":3.0},{"damage":13.0,"enemies":"Snecko","floor":20.0,"turns":4.0},{"damage":20.0,"enemies":"Book of Stabbing","floor":23.0,"turns":5.0},{"damage":0.0,"enemies":"Slavers","floor":25.0,"turns":1.0},{"damage":13.0,"enemies":"Sentry and Sphere","floor":29.0,"turns":5.0},{"damage":18.0,"enemies":"Gremlin Leader","floor":31.0,"turns":6.0},{"damage":10.0,"enemies":"Champ","floor":33.0,"turns":7.0},{"damage":6.0,"enemies":"Orb Walker","floor":35.0,"turns":3.0},{"damage":2.0,"enemies":"3 Shapes","floor":39.0,"turns":6.0},{"damage":14.0,"enemies":"Transient","floor":41.0,"turns":5.0},{"damage":21.0,"enemies":"Reptomancer","floor":42.0,"turns":5.0},{"damage":12.0,"enemies":"Spire Growth","floor":44.0,"turns":4.0},{"damage":10.0,"enemies":"Giant Head","floor":45.0,"turns":6.0},{"damage":31.0,"enemies":"Reptomancer","floor":47.0,"turns":5.0},{"damage":19,"enemies":"4 Shapes","floor":48,"turns":6},{"damage":74,"enemies":"Time Eater","floor":50,"turns":8}],"seed_played":"6049878550578177962","potions_obtained":[{"floor":1.0,"key":"AttackPotion"},{"floor":7.0,"key":"Energy Potion"},{"floor":10.0,"key":"PowerPotion"},{"floor":11.0,"key":"DistilledChaos"},{"floor":14.0,"key":"Strength Potion"},{"floor":16.0,"key":"CultistPotion"},{"floor":23.0,"key":"FearPotion"},{"floor":33.0,"key":"Strength Potion"},{"floor":41.0,"key":"LiquidMemories"},{"floor":42.0,"key":"FearPotion"},{"floor":48,"key":"SteroidPotion"}],"is_trial":false,"path_per_floor":["M","M","M","M","?","R","E","R","T","E","M","R","E","M","R","B",null,"M","M","M","?","T","E","R","E","T","$","R","M","R","E","R","B",null,"M","?","?","$","M","R","M","E","T","M","E","R","E","M","R","B",null],"character_chosen":"IRONCLAD","basemod:card_modifiers":[null,null,null,null,null,null,null,null,null,null,null,null,null,null,null,null,null,null,null,null,null,null,null,null,null,null,null,null,null,null,null,null,null,null],"items_purchased":["Corruption+1","Anchor"],"campfire_rested":3,"item_purchase_floors":[27,38],"current_hp_per_floor":[74,75,74,54,72,72,54,54,54,42,40,40,34,28,28,8,61,50,56,49,49,49,38,38,44,44,44,44,43,43,35,35,31,80,84,78,78,78,88,110,102,103,103,103,105,138,117,112,150,91],"gold":189,"neow_bonus":"THREE_RARE_CARDS","is_prod":false,"is_daily":false,"chose_seed":false,"campfire_upgraded":8,"win_rate":0,"timestamp":1687216761,"path_taken":["M","M","M","M","?","R","E","R","T","E","M","R","E","M","R","BOSS","M","M","M","?","?","E","R","E","T","$","R","M","R","E","R","BOSS","M","?","?","$","M","R","M","E","T","?","E","R","E","M","R","BOSS"],"build_version":"2022-12-18","purchased_purges":2,"victory":true,"max_hp_per_floor":[75,75,75,75,75,75,75,75,75,75,75,75,75,78,78,78,78,81,83,83,83,83,86,86,86,86,86,86,92,92,96,96,96,96,100,104,104,104,110,110,110,126,126,132,138,138,142,150,150,154],"relic_stats":{"Singing Bowl":16,"counters":[27,132],"Blue Candle":[0],"PreservedInsect":385,"Pen Nib":[13],"Boot":[4],"Burning Blood":157,"Sundial":[8],"Shuriken":[8],"Bottled Lightning":"Double Tap","Kunai":[14],"obtain_stats":[{"Pear":42,"Singing Bowl":7,"Blue Candle":13,"Vajra":26,"PreservedInsect":22,"Pen Nib":25,"Frozen Egg 2":23,"Boot":47,"Burning Blood":0,"Anchor":38,"Sundial":10,"Shuriken":43,"Fusion Hammer":34,"Bottled Lightning":9,"Kunai":31,"Toy Ornithopter":45,"Runic Pyramid":17},{"Pear":22,"Singing Bowl":5,"Blue Candle":8,"Vajra":15,"PreservedInsect":13,"Pen Nib":15,"Frozen Egg 2":14,"Boot":25,"Burning Blood":0,"Anchor":19,"Sundial":6,"Shuriken":22,"Fusion Hammer":18,"Bottled Lightning":5,"Kunai":17,"Toy Ornithopter":24,"Runic Pyramid":10},{"Pear":103,"Singing Bowl":20,"Blue Candle":34,"Vajra":66,"PreservedInsect":60,"Pen Nib":66,"Frozen Egg 2":65,"Boot":118,"Burning Blood":0,"Anchor":87,"Sundial":23,"Shuriken":103,"Fusion Hammer":84,"Bottled Lightning":20,"Kunai":77,"Toy Ornithopter":113,"Runic Pyramid":47}],"Toy Ornithopter":5},"card_choices":[{"not_picked":["Exhume","Berserk"],"picked":"Double Tap","floor":0.0},{"not_picked":["Disarm","Thunderclap"],"picked":"Heavy Blade","floor":1.0},{"not_picked":["Sever Soul","Headbutt"],"picked":"Uppercut","floor":2.0},{"not_picked":["Headbutt","Pommel Strike"],"picked":"Hemokinesis","floor":3.0},{"not_picked":["Flex","Perfected Strike"],"picked":"Pommel Strike","floor":4.0},{"not_picked":["Clash","Carnage"],"picked":"Armaments","floor":7.0},{"not_picked":["Hemokinesis","Disarm"],"picked":"Rage","floor":10.0},{"not_picked":["Anger","Burning Pact"],"picked":"Feed","floor":11.0},{"not_picked":["Pommel Strike","Wild Strike"],"picked":"Feel No Pain","floor":13.0},{"not_picked":["Clash","Headbutt"],"picked":"Shrug It Off","floor":14.0},{"not_picked":["Limit Break","Demon Form"],"picked":"Fiend Fire","floor":16.0},{"not_picked":["Thunderclap","Infernal Blade"],"picked":"Pummel+1","floor":18.0},{"not_picked":["Iron Wave","Sword Boomerang","Shrug It Off"],"picked":"Singing Bowl","floor":19.0},{"not_picked":["Clash","Body Slam+1"],"picked":"Intimidate+1","floor":20.0},{"not_picked":["Perfected Strike+1","Fiend Fire"],"picked":"Immolate","floor":23.0},{"not_picked":["Armaments","Pommel Strike"],"picked":"Spot Weakness","floor":25.0},{"not_picked":["Combust+1","Havoc","Corruption+1"],"picked":"Singing Bowl","floor":29.0},{"not_picked":["Reckless Charge","Headbutt"],"picked":"Anger","floor":31.0},{"not_picked":["Bludgeon","Fiend Fire"],"picked":"Offering","floor":33.0},{"not_picked":["Power Through","Carnage"],"picked":"Shrug It Off","floor":35.0},{"not_picked":["Flash of Steel","Finesse","Sadistic Nature+1"],"picked":"Singing Bowl","floor":36.0},{"not_picked":["Impatience","The Bomb"],"picked":"Master of Strategy","floor":36.0},{"not_picked":["Mayhem+1","Violence","Trip"],"picked":"Singing Bowl","floor":36.0},{"not_picked":["Anger","Clash","Twin Strike"],"picked":"Singing Bowl","floor":39.0},{"not_picked":["Headbutt+1","Uppercut+1"],"picked":"Dual Wield","floor":41.0},{"not_picked":["Immolate","Carnage","Clash"],"picked":"Singing Bowl","floor":42.0},{"not_picked":["Flex","Fire Breathing+1","Wild Strike"],"picked":"Singing Bowl","floor":44.0},{"not_picked":["Perfected Strike+1","Double Tap","Uppercut"],"picked":"Singing Bowl","floor":45.0},{"not_picked":["Anger+1","Flex"],"picked":"Sword Boomerang+1","floor":47.0},{"not_picked":["Thunderclap","Perfected Strike+1"],"picked":"Feel No Pain+1","floor":48}],"player_experience":5676370,"relics_obtained":[{"floor":7.0,"key":"Singing Bowl"},{"floor":9.0,"key":"Bottled Lightning"},{"floor":10.0,"key":"Sundial"},{"floor":13.0,"key":"Blue Candle"},{"floor":22.0,"key":"PreservedInsect"},{"floor":23.0,"key":"Frozen Egg 2"},{"floor":25.0,"key":"Pen Nib"},{"floor":26.0,"key":"Vajra"},{"floor":31.0,"key":"Kunai"},{"floor":42.0,"key":"Pear"},{"floor":43.0,"key":"Shuriken"},{"floor":45.0,"key":"Toy Ornithopter"},{"floor":47.0,"key":"Boot"}],"event_choices":[{"damage_healed":18.0,"max_hp_gain":0.0,"max_hp_loss":0.0,"gold_gain":0.0,"event_name":"The Cleric","player_choice":"Healed","floor":5.0,"gold_loss":35.0,"damage_taken":0.0},{"damage_healed":0.0,"max_hp_gain":0.0,"max_hp_loss":0.0,"gold_gain":0.0,"event_name":"The Library","player_choice":"Read","floor":21.0,"gold_loss":0.0,"damage_taken":0.0,"cards_obtained":["Seeing Red"]},{"damage_healed":0.0,"max_hp_gain":0.0,"max_hp_loss":0.0,"gold_gain":0.0,"event_name":"SensoryStone","player_choice":"Memory 3","floor":36.0,"gold_loss":0.0,"damage_taken":10.0},{"damage_healed":0.0,"max_hp_gain":0.0,"max_hp_loss":0.0,"gold_gain":0.0,"event_name":"Match and Keep!","player_choice":"1 cards matched","floor":37.0,"gold_loss":0.0,"damage_taken":0.0,"cards_obtained":["Battle Trance"]}],"is_beta":false,"boss_relics":[{"not_picked":["Velvet Choker","Sozu"],"picked":"Runic Pyramid"},{"not_picked":["Mark of Pain","Philosopher\u0027s Stone"],"picked":"Fusion Hammer"}],"items_purged_floors":[27,38],"is_endless":false,"potions_floor_spawned":[1,7,10,11,14,16,19,23,33,35,41,42,48],"ascension_level":15}