{"gold_per_floor":[117,134,209,16,16,16,46,46,46,92,109,109,127,146,146,221,221,206,35,50,65,115,143,143,154,154,154,186,186,220,230,230,230],"floor_reached":33,"playtime":1258,"items_purged":["Strike_R","Strike_R"],"score":551,"play_id":"0b128e5f-eb4f-4cca-84ea-31dfd3d96cdb","local_time":"20230621091938","is_ascension_mode":true,"campfire_choices":[{"floor":6.0,"key":"REST"},{"floor":8.0,"key":"REST"},{"data":"Disarm","floor":15.0,"key":"SMITH"},{"floor":24.0,"key":"REST"},{"data":"Juggernaut","floor":27.0,"key":"SMITH"},{"data":"Spot Weakness","floor":32.0,"key":"SMITH"}],"neow_cost":"TEN_PERCENT_HP_LOSS","seed_source_timestamp":259362082939100,"circlet_count":0,"master_deck":["AscendersBane","Strike_R","Strike_R","Strike_R","Defend_R","Defend_R","Defend_R","Defend_R","Bash","Carnage","Whirlwind","Disarm+1","Spot Weakness+1","Flame Barrier","Anger","Feel No Pain","True Grit","Impervious","Uppercut+1","Twin Strike","Second Wind","Ghostly Armor","Juggernaut+1","Shrug It Off","Sever Soul+1"],"special_seed":0,"relics":["Burning Blood","Shovel","Self Forming Clay","Orichalcum","Bag of Marbles","Sundial","Mark of Pain","Gremlin Horn","Eternal Feather","Strawberry","Juzu Bracelet"],"potions_floor_usage":[33],"damage_taken":[{"damage":25.0,"enemies":"Jaw Worm","floor":1.0,"turns":5.0},{"damage":15.0,"enemies":"Small Slimes","floor":2.0,"turns":3.0},{"damage":14.0,"enemies":"3 Sentries","floor":7.0,"turns":9.0},{"damage":10.0,"enemies":"Gremlin Nob","floor":10.0,"turns":3.0},{"damage":0.0,"enemies":"Cultist","floor":11.0,"turns":2.0},{"damage":0.0,"enemies":"3 Louse","floor":13.0,"turns":4.0},{"damage":6.0,"enemies":"Exordium Wildlife","floor":14.0,"turns":3.0},{"damage":14.0,"enemies":"The Guardian","floor":16.0,"turns":13.0},{"damage":13.0,"enemies":"2 Thieves","floor":18.0,"turns":4.0},{"damage":0.0,"enemies":"3 Byrds","floor":20.0,"turns":5.0},{"damage":21.0,"enemies":"Centurion and Healer","floor":21.0,"turns":6.0},{"damage":22.0,"enemies":"Book of Stabbing","floor":23.0,"turns":5.0},{"damage":7.0,"enemies":"Snecko","floor":25.0,"turns":6.0},{"damage":31.0,"enemies":"Slavers","floor":28.0,"turns":8.0},{"damage":1.0,"enemies":"Gremlin Leader","floor":30.0,"turns":6.0},{"damage":19.0,"enemies":"Sentry and Sphere","floor":31.0,"turns":6.0},{"damage":66,"enemies":"Champ","floor":33,"turns":11}],"seed_played":"2177992922388810091","potions_obtained":[{"floor":1.0,"key":"EssenceOfSteel"},{"floor":7.0,"key":"ColorlessPotion"},{"floor":10.0,"key":"Energy Potion"},{"floor":12.0,"key":"LiquidBronze"},{"floor":25.0,"key":"Explosive Potion"},{"floor":30.0,"key":"Dexterity Potion"}],"is_trial":false,"path_per_floor":["M","M","?","$","?","R","E","R","T","E","M","?","M","M","R","B",null,"M","$","M","M","?","E","R","M","T","R","E","?","E","M","R","B"],"character_chosen":"IRONCLAD","basemod:card_modifiers":[null,null,null,null,null,null,null,null,null,null,null,null,null,null,null,null,null,null,null,null,null,null,null,null,null],"items_purchased":["FearPotion","Disarm","Uppercut"],"campfire_rested":3,"item_purchase_floors":[4,4,19],"current_hp_per_floor":[49,40,29,29,3,23,15,35,35,31,37,37,43,43,43,35,60,53,53,59,44,44,28,48,47,47,59,41,41,46,33,48,0],"gold":230,"neow_bonus":"ONE_RARE_RELIC","is_prod":false,"is_daily":false,"chose_seed":false,"campfire_upgraded":3,"win_rate":0,"timestamp":1687364378,"path_taken":["M","M","?","$","?","R","E","R","T","E","M","?","?","M","R","BOSS","M","$","M","M","?","E","R","M","T","R","E","?","E","M","R","BOSS"],"build_version":"2022-12-18","purchased_purges":2,"victory":false,"max_hp_per_floor":[68,68,68,68,68,68,68,68,68,68,68,68,68,68,68,68,68,68,68,68,68,68,68,68,68,68,68,75,75,75,75,75,75],"relic_stats":{"Shovel":0,"Gremlin Horn":[9,9],"counters":[17,99],"Self Forming Clay":[87],"Sundial":[8],"Eternal Feather":27,"Juzu Bracelet":0,"Orichalcum":[138],"obtain_stats":[{"Shovel":0,"Gremlin Horn":23,"Self Forming Clay":5,"Sundial":10,"Strawberry":28,"Eternal Feather":26,"Mark of Pain":17,"Bag of Marbles":9,"Juzu Bracelet":30,"Orichalcum":7,"Burning Blood":0},{"Shovel":0,"Gremlin Horn":12,"Self Forming Clay":2,"Sundial":4,"Strawberry":14,"Eternal Feather":13,"Mark of Pain":8,"Bag of Marbles":3,"Juzu Bracelet":15,"Orichalcum":3,"Burning Blood":0},{"Shovel":0,"Gremlin Horn":62,"Self Forming Clay":8,"Sundial":20,"Strawberry":76,"Eternal Feather":68,"Mark of Pain":42,"Bag of Marbles":17,"Juzu Bracelet":82,"Orichalcum":17,"Burning Blood":0}],"Burning Blood":96},"card_choices":[{"not_picked":["Iron Wave","Thunderclap"],"picked":"Carnage","floor":1.0},{"not_picked":["Reckless Charge","Disarm"],"picked":"Whirlwind","floor":2.0},{"not_picked":["Burning Pact","Second Wind"],"picked":"Spot Weakness","floor":7.0},{"not_picked":["Carnage","Fiend Fire"],"picked":"Flame Barrier","floor":10.0},{"not_picked":["Cleave","Headbutt"],"picked":"Anger","floor":11.0},{"not_picked":["Rampage","Body Slam"],"picked":"Feel No Pain","floor":13.0},{"not_picked":["Thunderclap","Blood for Blood"],"picked":"True Grit","floor":14.0},{"not_picked":["Immolate","Juggernaut"],"picked":"Impervious","floor":16.0},{"not_picked":["Flex","Rampage","Iron Wave"],"picked":"SKIP","floor":18.0},{"not_picked":["True Grit","Headbutt"],"picked":"Twin Strike","floor":20.0},{"not_picked":["Wild Strike","Armaments"],"picked":"Second Wind","floor":21.0},{"not_picked":["Bloodletting","Thunderclap"],"picked":"Ghostly Armor","floor":23.0},{"not_picked":["Perfected Strike","Pommel Strike"],"picked":"Juggernaut","floor":25.0},{"not_picked":["Searing Blow","Flex","Body Slam"],"picked":"SKIP","floor":28.0},{"not_picked":["Iron Wave","Anger"],"picked":"Shrug It Off","floor":30.0},{"not_picked":["Thunderclap","Perfected Strike"],"picked":"Sever Soul+1","floor":31.0}],"player_experience":5687326,"relics_obtained":[{"floor":7.0,"key":"Orichalcum"},{"floor":9.0,"key":"Bag of Marbles"},{"floor":10.0,"key":"Sundial"},{"floor":23.0,"key":"Gremlin Horn"},{"floor":26.0,"key":"Eternal Feather"},{"floor":28.0,"key":"Strawberry"},{"floor":30.0,"key":"Juzu Bracelet"}],"event_choices":[{"damage_healed":0.0,"max_hp_gain":0.0,"max_hp_loss":0.0,"gold_gain":75.0,"event_name":"World of Goop","player_choice":"Gather Gold","floor":3.0,"gold_loss":0.0,"damage_taken":11.0},{"damage_healed":0.0,"max_hp_gain":0.0,"max_hp_loss":0.0,"gold_gain":0.0,"event_name":"Scrap Ooze","player_choice":"Success","floor":5.0,"gold_loss":0.0,"damage_taken":26.0,"relics_obtained":["Self Forming Clay"]},{"damage_healed":0.0,"max_hp_gain":0.0,"max_hp_loss":0.0,"gold_gain":0.0,"event_name":"Lab","player_choice":"Got Potions","floor":12.0,"gold_loss":0.0,"damage_taken":0.0},{"damage_healed":0.0,"max_hp_gain":0.0,"max_hp_loss":0.0,"gold_gain":50.0,"event_name":"Nest","player_choice":"Stole From Cult","floor":22.0,"gold_loss":0.0,"damage_taken":0.0},{"damage_healed":0.0,"max_hp_gain":0.0,"max_hp_loss":0.0,"gold_gain":0.0,"event_name":"Upgrade Shrine","player_choice":"Upgraded","floor":29.0,"gold_loss":0.0,"damage_taken":0.0,"cards_upgraded":["Uppercut"]}],"is_beta":false,"boss_relics":[{"not_picked":["SacredBark","Busted Crown"],"picked":"Mark of Pain"}],"items_purged_floors":[4,19],"is_endless":false,"potions_floor_spawned":[1,7,10,13,14,18,21,25,30],"killed_by":"Champ","ascension_level":15}