{"gold_per_floor":[114,114,131,148,102,102,127,277,277,305,77,92,103,114,114,187,187,205,255,265,277,277,306,156,189,214,245,245,259,259,85,85,85],"floor_reached":33,"playtime":1208,"items_purged":["Doubt","Strike_R","Strike_R"],"score":595,"play_id":"1a3655d2-d8a6-4695-b439-e9c8360883e2","local_time":"20230625171829","is_ascension_mode":true,"campfire_choices":[{"data":"Bash","floor":6.0,"key":"SMITH"},{"data":"Armaments","floor":15.0,"key":"SMITH"},{"data":"Shockwave","floor":28,"key":"SMITH"},{"data":"Immolate","floor":30,"key":"SMITH"},{"floor":32,"key":"REST"}],"neow_cost":"NONE","seed_source_timestamp":633730540868100,"circlet_count":0,"master_deck":["AscendersBane","Strike_R","Strike_R+1","Strike_R+1","Defend_R","Defend_R","Defend_R","Defend_R","Bash+1","Cleave","Shrug It Off","Iron Wave","Twin Strike","Armaments+1","Flame Barrier","Shrug It Off","Immolate+1","Anger","Pommel Strike+1","Shockwave+1"],"special_seed":0,"relics":["Burning Blood","Whetstone","Pear","Bag of Marbles","Lantern","Velvet Choker","Pocketwatch","Letter Opener","Blood Vial","Regal Pillow"],"potions_floor_usage":[23,25,27,33,33],"damage_taken":[{"damage":8.0,"enemies":"2 Louse","floor":1.0,"turns":4.0},{"damage":6.0,"enemies":"Cultist","floor":3.0,"turns":3.0},{"damage":12.0,"enemies":"Jaw Worm","floor":4.0,"turns":2.0},{"damage":28.0,"enemies":"3 Sentries","floor":7.0,"turns":8.0},{"damage":8.0,"enemies":"Gremlin Nob","floor":10.0,"turns":3.0},{"damage":5.0,"enemies":"Lots of Slimes","floor":12.0,"turns":3.0},{"damage":8.0,"enemies":"Exordium Wildlife","floor":13.0,"turns":5.0},{"damage":8.0,"enemies":"Exordium Thugs","floor":14.0,"turns":8.0},{"damage":24.0,"enemies":"The Guardian","floor":16.0,"turns":16.0},{"damage":0.0,"enemies":"3 Byrds","floor":18.0,"turns":2.0},{"damage":1,"enemies":"2 Thieves","floor":20,"turns":2},{"damage":0,"enemies":"Cultist and Chosen","floor":21,"turns":4},{"damage":38,"enemies":"Book of Stabbing","floor":23,"turns":5},{"damage":14,"enemies":"Gremlin Leader","floor":25,"turns":5},{"damage":0,"enemies":"Slavers","floor":27,"turns":3},{"damage":0,"enemies":"Chosen and Byrds","floor":29,"turns":4},{"damage":108,"enemies":"Champ","floor":33,"turns":21}],"seed_played":"5906750005710577986","potions_obtained":[{"floor":2.0,"key":"BlessingOfTheForge"},{"floor":2.0,"key":"BlessingOfTheForge"},{"floor":7.0,"key":"BlessingOfTheForge"},{"floor":12.0,"key":"ElixirPotion"},{"floor":13.0,"key":"PowerPotion"},{"floor":14.0,"key":"DistilledChaos"},{"floor":18.0,"key":"Explosive Potion"},{"floor":27,"key":"HeartOfIron"},{"floor":29,"key":"Fire Potion"}],"is_trial":false,"path_per_floor":["M","?","M","M","$","R","E","?","T","E","$","M","M","M","R","B",null,"M","?","M","M","?","E","$","E","T","E","R","M","R","$","R","B"],"character_chosen":"IRONCLAD","basemod:card_modifiers":[null,null,null,null,null,null,null,null,null,null,null,null,null,null,null,null,null,null,null,null],"items_purchased":["Iron Wave","Lantern","Swift Potion","SteroidPotion"],"campfire_rested":1,"item_purchase_floors":[5,11,24,31],"current_hp_per_floor":[73,73,73,67,67,67,45,45,55,53,53,54,52,50,50,32,77,83,83,88,92,92,60,60,52,52,60,60,68,68,68,92,0],"gold":85,"neow_bonus":"TEN_PERCENT_HP_BONUS","is_prod":false,"is_daily":false,"chose_seed":false,"campfire_upgraded":4,"win_rate":0,"timestamp":1687738709,"path_taken":["M","?","M","?","$","R","E","?","T","E","$","M","M","M","R","BOSS","M","?","M","?","?","E","?","E","T","E","R","M","R","$","R","BOSS"],"build_version":"2022-12-18","purchased_purges":3,"victory":false,"max_hp_per_floor":[82,82,82,82,82,82,82,82,92,92,92,92,92,92,92,92,92,92,92,92,92,92,92,92,92,92,92,92,92,92,92,92,92],"relic_stats":{"Blood Vial":4,"Regal Pillow":0,"counters":[17,98],"Whetstone":["Strike_R","Strike_R"],"Letter Opener":[0],"obtain_stats":[{"Blood Vial":26,"Lantern":11,"Regal Pillow":27,"Pear":9,"Velvet Choker":17,"Bag of Marbles":10,"Whetstone":7,"Letter Opener":25,"Burning Blood":0,"Pocketwatch":23},{"Blood Vial":14,"Lantern":5,"Regal Pillow":15,"Pear":4,"Velvet Choker":9,"Bag of Marbles":5,"Whetstone":4,"Letter Opener":14,"Burning Blood":0,"Pocketwatch":13},{"Blood Vial":70,"Lantern":20,"Regal Pillow":73,"Pear":17,"Velvet Choker":52,"Bag of Marbles":20,"Whetstone":17,"Letter Opener":70,"Burning Blood":0,"Pocketwatch":65}],"Burning Blood":94,"Pocketwatch":[72]},"card_choices":[{"not_picked":["Warcry","Thunderclap"],"picked":"Cleave","floor":1.0},{"not_picked":["Dark Embrace","Sentinel","Clash"],"picked":"SKIP","floor":3.0},{"not_picked":["True Grit","Limit Break"],"picked":"Shrug It Off","floor":4.0},{"not_picked":["Pommel Strike","Flex"],"picked":"Twin Strike","floor":7.0},{"not_picked":["Sword Boomerang","Sever Soul"],"picked":"Armaments","floor":10.0},{"not_picked":["Clothesline","Headbutt"],"picked":"Flame Barrier","floor":12.0},{"not_picked":["Rage","Barricade","Warcry"],"picked":"SKIP","floor":13.0},{"not_picked":["Sword Boomerang","Seeing Red"],"picked":"Shrug It Off","floor":14.0},{"not_picked":["Limit Break","Bludgeon"],"picked":"Immolate","floor":16.0},{"not_picked":["True Grit","Thunderclap"],"picked":"Anger","floor":18.0},{"not_picked":["Second Wind","Headbutt","Intimidate"],"picked":"SKIP","floor":20},{"not_picked":["Armaments","Searing Blow","Carnage"],"picked":"SKIP","floor":21},{"not_picked":["Ghostly Armor","Anger"],"picked":"Pommel Strike+1","floor":23},{"not_picked":["Rage+1","Dark Embrace"],"picked":"Shockwave","floor":25},{"not_picked":["Armaments","Evolve","Shrug It Off"],"picked":"SKIP","floor":27},{"not_picked":["Combust","Headbutt","Clothesline"],"picked":"SKIP","floor":29}],"player_experience":5700793,"relics_obtained":[{"floor":7.0,"key":"Whetstone"},{"floor":9.0,"key":"Pear"},{"floor":10.0,"key":"Bag of Marbles"},{"floor":23,"key":"Pocketwatch"},{"floor":25,"key":"Letter Opener"},{"floor":26,"key":"Blood Vial"},{"floor":27,"key":"Regal Pillow"}],"event_choices":[{"damage_healed":0.0,"max_hp_gain":0.0,"max_hp_loss":0.0,"gold_gain":0.0,"event_name":"Lab","player_choice":"Got Potions","floor":2.0,"gold_loss":0.0,"damage_taken":0.0},{"damage_healed":0.0,"max_hp_gain":0.0,"max_hp_loss":0.0,"gold_gain":150.0,"event_name":"Liars Game","player_choice":"AGREE","floor":8.0,"gold_loss":0.0,"damage_taken":0.0,"cards_obtained":["Doubt"]},{"damage_healed":0,"gold_gain":100,"player_choice":"Bet on Murderer","damage_taken":0,"max_hp_gain":0,"max_hp_loss":0,"event_name":"The Joust","floor":19,"gold_loss":50},{"damage_healed":0,"gold_gain":0,"player_choice":"Ignored","damage_taken":0,"max_hp_gain":0,"max_hp_loss":0,"event_name":"The Mausoleum","floor":22,"gold_loss":0}],"is_beta":false,"boss_relics":[{"not_picked":["Tiny House","Sozu"],"picked":"Velvet Choker"}],"items_purged_floors":[11,24,31],"is_endless":false,"potions_floor_spawned":[7,12,13,14,16,18,20,27,29],"killed_by":"Champ","ascension_level":15}