{"gold_per_floor":[114,189,189,209,227,227,255,273,324,352,372,372,399,52,52,123,123,135,50,50,68,68,103,114,114,114,131,165,165,179,214,214,286,286,296,296,296,313,313,346,346,17,17,17,17,45,93,120,120,120],"floor_reached":51,"playtime":1711,"items_purged":["Strike_R","Strike_R+1"],"score":1516,"play_id":"fcbd4093-7104-4273-9bb1-2347e9b6dc43","local_time":"20230630182656","is_ascension_mode":true,"campfire_choices":[{"data":"Bash","floor":6,"key":"SMITH"},{"data":"Combust","floor":12,"key":"SMITH"},{"data":"Rupture","floor":15,"key":"SMITH"},{"data":"Pommel Strike","floor":29,"key":"SMITH"},{"data":"Impervious","floor":32,"key":"SMITH"},{"data":"True Grit","floor":41,"key":"SMITH"},{"data":"Feel No Pain","floor":44,"key":"SMITH"},{"data":"Limit Break","floor":49,"key":"SMITH"}],"neow_cost":"PERCENT_DAMAGE","seed_source_timestamp":155439991478500,"circlet_count":0,"master_deck":["AscendersBane","Strike_R+1","Strike_R+1","Strike_R+1","Defend_R+1","Defend_R+1","Defend_R+1","Defend_R+1","Bash+1","Anger","Combust+1","Clothesline","Metallicize","Twin Strike","True Grit+1","Impervious+1","Rupture+1","Shrug It Off","Fiend Fire","Flame Barrier","Power Through+1","Shockwave+1","Pommel Strike+1","Reaper","Corruption","CurseOfTheBell","Twin Strike+1","Finesse","Finesse","Feel No Pain+1","Limit Break+1","Sword Boomerang+1"],"relics":["Burning Blood","Ornamental Fan","Oddly Smooth Stone","Dream Catcher","Nunchaku","Bronze Scales","Coffee Dripper","Lantern","Ice Cream","HornCleat","Pear","Shuriken","Calling Bell","Pen Nib","Meat on the Bone","Champion Belt","Bottled Tornado","Bag of Preparation","Potion Belt","Mummified Hand","Vajra","Ginger","Blood Vial"],"potions_floor_usage":[16,16,28,31,35,38,50,50],"damage_taken":[{"damage":2,"enemies":"Jaw Worm","floor":1,"turns":3},{"damage":7,"enemies":"Small Slimes","floor":4,"turns":3},{"damage":3,"enemies":"Cultist","floor":5,"turns":4},{"damage":27,"enemies":"Gremlin Nob","floor":7,"turns":4},{"damage":6,"enemies":"2 Fungi Beasts","floor":8,"turns":4},{"damage":31,"enemies":"3 Sentries","floor":10,"turns":6},{"damage":7,"enemies":"Large Slime","floor":11,"turns":5},{"damage":30,"enemies":"Lagavulin","floor":13,"turns":6},{"damage":6,"enemies":"The Guardian","floor":16,"turns":8},{"damage":2,"enemies":"Spheric Guardian","floor":18,"turns":4},{"damage":13,"enemies":"Shell Parasite","floor":21,"turns":4},{"damage":13,"enemies":"Book of Stabbing","floor":23,"turns":5},{"damage":4,"enemies":"3 Cultists","floor":24,"turns":6},{"damage":6,"enemies":"Snecko","floor":27,"turns":5},{"damage":1,"enemies":"Slavers","floor":28,"turns":6},{"damage":7,"enemies":"Shelled Parasite and Fungi","floor":30,"turns":3},{"damage":10,"enemies":"Gremlin Leader","floor":31,"turns":8},{"damage":47,"enemies":"Champ","floor":33,"turns":10},{"damage":4,"enemies":"3 Shapes","floor":35,"turns":7},{"damage":4,"enemies":"3 Darklings","floor":38,"turns":5},{"damage":21,"enemies":"Reptomancer","floor":40,"turns":7},{"damage":14,"enemies":"Nemesis","floor":46,"turns":7},{"damage":8,"enemies":"2 Orb Walkers","floor":47,"turns":4},{"damage":5,"enemies":"Giant Head","floor":48,"turns":6},{"damage":34,"enemies":"Awakened One","floor":50,"turns":7}],"seed_played":"8600461967728355039","potions_obtained":[{"floor":1,"key":"FairyPotion"},{"floor":5,"key":"Weak Potion"},{"floor":10,"key":"PowerPotion"},{"floor":13,"key":"Fire Potion"},{"floor":18,"key":"Fire Potion"},{"floor":24,"key":"SteroidPotion"},{"floor":28,"key":"EssenceOfSteel"},{"floor":30,"key":"Fruit Juice"},{"floor":31,"key":"LiquidMemories"},{"floor":35,"key":"Fruit Juice"},{"floor":38,"key":"BloodPotion"},{"floor":47,"key":"DuplicationPotion"},{"floor":48,"key":"ColorlessPotion"}],"is_trial":false,"path_per_floor":["M","?","?","M","M","R","E","M","T","E","M","R","E","$","R","B",null,"M","?","?","M","$","E","M","?","T","M","E","R","M","E","R","B",null,"M","?","?","M","T","E","R","$","T","R","$","E","?","E","R","B",null],"character_chosen":"IRONCLAD","basemod:card_modifiers":[null,null,null,null,null,null,null,null,null,null,null,null,null,null,null,null,null,null,null,null,null,null,null,null,null,null,null,null,null,null,null,null],"items_purchased":["Bronze Scales","Rupture","Shrug It Off","Feel No Pain","Potion Belt"],"campfire_rested":0,"item_purchase_floors":[14,14,14,42,42],"current_hp_per_floor":[68,57,62,61,64,64,43,43,43,18,17,17,25,25,25,25,77,81,81,81,74,74,67,69,69,69,69,84,84,83,94,94,71,96,103,103,93,114,114,99,99,99,99,99,99,91,89,97,97,101],"gold":120,"neow_bonus":"TWENTY_PERCENT_HP_BONUS","is_prod":false,"is_daily":false,"chose_seed":false,"campfire_upgraded":8,"win_rate":0,"timestamp":1688174816,"path_taken":["M","?","?","M","M","R","E","M","T","E","M","R","E","$","R","BOSS","M","?","?","M","$","E","M","?","T","?","E","R","M","E","R","BOSS","M","?","?","M","?","E","R","?","T","R","?","E","?","E","R","BOSS"],"build_version":"2022-12-18","purchased_purges":2,"victory":true,"max_hp_per_floor":[89,89,94,94,94,94,94,94,94,94,94,94,94,94,94,94,94,94,94,94,94,94,94,94,94,94,94,104,104,104,104,104,104,104,109,109,109,114,114,114,114,114,114,114,114,114,114,114,114,114],"relic_stats":{"Ice Cream":[148],"counters":[25,137],"Pen Nib":[7],"Bag of Preparation":[8],"Ginger":[2],"Bottled Tornado":"Combust","Burning Blood":146,"Blood Vial":2,"Dream Catcher":0,"Nunchaku":[17],"Ornamental Fan":[116],"Shuriken":[14],"Mummified Hand":[27],"Bronze Scales":[329],"Champion Belt":[18],"obtain_stats":[{"Ice Cream":23,"Potion Belt":42,"Lantern":19,"Pear":28,"Oddly Smooth Stone":9,"Vajra":46,"Pen Nib":34,"Bag of Preparation":40,"Ginger":47,"Bottled Tornado":39,"Burning Blood":0,"Calling Bell":34,"Blood Vial":48,"Dream Catcher":10,"Nunchaku":13,"HornCleat":26,"Ornamental Fan":7,"Shuriken":31,"Mummified Hand":43,"Bronze Scales":14,"Coffee Dripper":17,"Champion Belt":34,"Meat on the Bone":34},{"Ice Cream":12,"Potion Belt":21,"Lantern":10,"Pear":15,"Oddly Smooth Stone":5,"Vajra":22,"Pen Nib":18,"Bag of Preparation":21,"Ginger":23,"Bottled Tornado":20,"Burning Blood":0,"Calling Bell":18,"Blood Vial":24,"Dream Catcher":6,"Nunchaku":8,"HornCleat":13,"Ornamental Fan":4,"Shuriken":17,"Mummified Hand":21,"Bronze Scales":8,"Coffee Dripper":9,"Champion Belt":18,"Meat on the Bone":18},{"Ice Cream":56,"Potion Belt":113,"Lantern":47,"Pear":73,"Oddly Smooth Stone":18,"Vajra":120,"Pen Nib":94,"Bag of Preparation":113,"Ginger":124,"Bottled Tornado":106,"Burning Blood":0,"Calling Bell":94,"Blood Vial":130,"Dream Catcher":24,"Nunchaku":35,"HornCleat":62,"Ornamental Fan":14,"Shuriken":84,"Mummified Hand":113,"Bronze Scales":35,"Coffee Dripper":43,"Champion Belt":94,"Meat on the Bone":94}],"Meat on the Bone":0},"card_choices":[{"not_picked":["Rampage","Iron Wave"],"picked":"Anger","floor":1},{"not_picked":["Warcry","Body Slam"],"picked":"Combust","floor":4},{"not_picked":["Power Through","Perfected Strike"],"picked":"Clothesline","floor":5},{"not_picked":["Body Slam","Demon Form","Perfected Strike"],"picked":"SKIP","floor":7},{"not_picked":["Infernal Blade","Heavy Blade"],"picked":"Metallicize","floor":8},{"not_picked":["Wild Strike","Clash"],"picked":"Twin Strike","floor":10},{"not_picked":["Body Slam","Dark Embrace"],"picked":"True Grit","floor":11},{"not_picked":["Power Through","Warcry"],"picked":"Impervious","floor":13},{"not_picked":["Impervious","Juggernaut"],"picked":"Fiend Fire","floor":16},{"not_picked":["Thunderclap","Iron Wave"],"picked":"Flame Barrier","floor":18},{"not_picked":["Searing Blow","Cleave"],"picked":"Power Through+1","floor":21},{"not_picked":["Fiend Fire","Metallicize"],"picked":"Shockwave","floor":23},{"not_picked":["Clothesline","Flex+1","True Grit"],"picked":"SKIP","floor":24},{"not_picked":["Bloodletting","Blood for Blood"],"picked":"Pommel Strike","floor":27},{"not_picked":["Iron Wave","Rage","Wild Strike"],"picked":"SKIP","floor":28},{"not_picked":["Rampage","Clash"],"picked":"Reaper","floor":30},{"not_picked":["Clash","Iron Wave","Inflame"],"picked":"SKIP","floor":31},{"not_picked":["Bludgeon","Fiend Fire"],"picked":"Corruption","floor":33},{"not_picked":["Headbutt+1","Wild Strike"],"picked":"Twin Strike+1","floor":35},{"not_picked":["Metamorphosis","Mind Blast"],"picked":"Finesse","floor":37},{"not_picked":["Transmutation","Blind"],"picked":"Finesse","floor":37},{"not_picked":["Body Slam+1","Flex+1","Rage"],"picked":"SKIP","floor":38},{"not_picked":["Clothesline+1","Iron Wave","Sentinel"],"picked":"SKIP","floor":40},{"not_picked":["Seeing Red+1","Fire Breathing+1"],"picked":"Limit Break","floor":46},{"not_picked":["Clash+1","Rupture"],"picked":"Sword Boomerang+1","floor":47},{"not_picked":["Warcry","Havoc","Intimidate"],"picked":"SKIP","floor":48}],"player_experience":5717119,"relics_obtained":[{"floor":7,"key":"Ornamental Fan"},{"floor":9,"key":"Oddly Smooth Stone"},{"floor":10,"key":"Dream Catcher"},{"floor":13,"key":"Nunchaku"},{"floor":23,"key":"Ice Cream"},{"floor":26,"key":"HornCleat"},{"floor":28,"key":"Pear"},{"floor":31,"key":"Shuriken"},{"floor":34,"key":"Pen Nib"},{"floor":34,"key":"Meat on the Bone"},{"floor":34,"key":"Champion Belt"},{"floor":39,"key":"Bottled Tornado"},{"floor":40,"key":"Bag of Preparation"},{"floor":43,"key":"Mummified Hand"},{"floor":46,"key":"Vajra"},{"floor":47,"key":"Ginger"},{"floor":48,"key":"Blood Vial"}],"event_choices":[{"damage_healed":0,"gold_gain":75,"player_choice":"Gather Gold","damage_taken":11,"max_hp_gain":0,"max_hp_loss":0,"event_name":"World of Goop","floor":2,"gold_loss":0},{"damage_healed":0,"gold_gain":0,"player_choice":"Donut","damage_taken":0,"max_hp_gain":5,"max_hp_loss":0,"event_name":"Big Fish","floor":3,"gold_loss":0},{"damage_healed":0,"gold_gain":0,"player_choice":"Obtained Relic","damage_taken":0,"relics_obtained":["Lantern"],"max_hp_gain":0,"max_hp_loss":0,"event_name":"Addict","floor":19,"gold_loss":85},{"damage_healed":0,"gold_gain":0,"player_choice":"Simplicity","damage_taken":0,"max_hp_gain":0,"max_hp_loss":0,"event_name":"Back to Basics","floor":20,"gold_loss":0,"cards_upgraded":["Strike_R","Strike_R","Strike_R","Strike_R","Defend_R","Defend_R","Defend_R","Defend_R"]},{"damage_healed":0,"gold_gain":0,"player_choice":"Forge","damage_taken":0,"max_hp_gain":0,"max_hp_loss":0,"event_name":"Accursed Blacksmith","floor":25,"gold_loss":0,"cards_upgraded":["Shockwave"]},{"damage_healed":0,"gold_gain":0,"player_choice":"Ignored","damage_taken":0,"max_hp_gain":0,"max_hp_loss":0,"event_name":"Tomb of Lord Red Mask","floor":36,"gold_loss":0},{"damage_healed":0,"gold_gain":0,"player_choice":"Memory 3","damage_taken":10,"max_hp_gain":0,"max_hp_loss":0,"event_name":"SensoryStone","floor":37,"gold_loss":0},{"damage_healed":0,"gold_gain":0,"player_choice":"Fight","damage_taken":0,"max_hp_gain":0,"max_hp_loss":0,"event_name":"Mysterious Sphere","floor":47,"gold_loss":0}],"is_beta":false,"boss_relics":[{"not_picked":["Black Star","Runic Dome"],"picked":"Coffee Dripper"},{"not_picked":["SlaversCollar","Tiny House"],"picked":"Calling Bell"}],"items_purged_floors":[14,42],"is_endless":false,"potions_floor_spawned":[1,5,10,13,18,24,28,30,31,35,38,47,48],"ascension_level":15}