{"gold_per_floor":[112,123,181,48,63,63,94,169,245,120,120,130,160,60,60,135,135,146,146,160,177,92,92,124,134,134,134,167,147,182,194,194,269,269,287,9,19,0,15,50,50,78,104,129,148,175,189,189,189,189],"floor_reached":51,"playtime":2138,"items_purged":["Strike_R","Strike_R","Strike_R+1"],"score":1595,"play_id":"04878525-5c8d-4d5b-92ac-8c5ddab049d3","local_time":"20230629153811","is_ascension_mode":true,"campfire_choices":[{"data":"Blood for Blood","floor":6.0,"key":"SMITH"},{"data":"Bash","floor":11.0,"key":"SMITH"},{"data":"Armaments","floor":15.0,"key":"SMITH"},{"data":"Combust","floor":23.0,"key":"SMITH"},{"data":"Metallicize","floor":32,"key":"SMITH"},{"data":"Offering","floor":41,"key":"SMITH"},{"data":"Impervious","floor":49,"key":"SMITH"}],"neow_cost":"NONE","seed_source_timestamp":58425359952200,"circlet_count":0,"master_deck":["AscendersBane","Defend_R+1","Defend_R+1","Defend_R+1","Defend_R+1","Bash+1","Blood for Blood+1","Armaments+1","Battle Trance","Metallicize+1","Iron Wave","Shrug It Off","Combust+1","Offering+1","Spot Weakness+1","Body Slam+1","Juggernaut+1","Burning Pact","Corruption+1","Twin Strike+1","Dual Wield+1","Shrug It Off","Impervious+1","Barricade+1"],"special_seed":0,"relics":["Burning Blood","Bag of Preparation","Eternal Feather","Strawberry","Runic Pyramid","Frozen Egg 2","Happy Flower","Pantograph","Charon\u0027s Ashes","Orichalcum","Empty Cage","Red Skull","Red Mask","Anchor","Art of War","Ancient Tea Set","Juzu Bracelet","Shuriken"],"potions_floor_usage":[28,30,33,50],"damage_taken":[{"damage":6.0,"enemies":"Cultist","floor":1.0,"turns":3.0},{"damage":2.0,"enemies":"Small Slimes","floor":2.0,"turns":3.0},{"damage":4.0,"enemies":"Jaw Worm","floor":5.0,"turns":5.0},{"damage":25.0,"enemies":"Gremlin Nob","floor":7.0,"turns":4.0},{"damage":7.0,"enemies":"Large Slime","floor":12.0,"turns":3.0},{"damage":27.0,"enemies":"Lagavulin","floor":13.0,"turns":8.0},{"damage":7.0,"enemies":"The Guardian","floor":16.0,"turns":11.0},{"damage":9.0,"enemies":"3 Byrds","floor":18.0,"turns":3.0},{"damage":5.0,"enemies":"Spheric Guardian","floor":20.0,"turns":4.0},{"damage":9.0,"enemies":"Snake Plant","floor":21.0,"turns":4.0},{"damage":12.0,"enemies":"Book of Stabbing","floor":24.0,"turns":4.0},{"damage":16,"enemies":"3 Cultists","floor":25,"turns":4},{"damage":8,"enemies":"Gremlin Leader","floor":28,"turns":5},{"damage":34,"enemies":"Slavers","floor":30,"turns":4},{"damage":3,"enemies":"Chosen and Byrds","floor":31,"turns":5},{"damage":21,"enemies":"Champ","floor":33,"turns":9},{"damage":6,"enemies":"Orb Walker","floor":35,"turns":2},{"damage":7,"enemies":"3 Shapes","floor":37,"turns":2},{"damage":10,"enemies":"Maw","floor":39,"turns":5},{"damage":21,"enemies":"Nemesis","floor":40,"turns":5},{"damage":16,"enemies":"Giant Head","floor":42,"turns":6},{"damage":6,"enemies":"Nemesis","floor":44,"turns":3},{"damage":0,"enemies":"Jaw Worm Horde","floor":45,"turns":2},{"damage":15,"enemies":"Reptomancer","floor":46,"turns":4},{"damage":0,"enemies":"Spire Growth","floor":47,"turns":2},{"damage":6,"enemies":"Awakened One","floor":50,"turns":3}],"seed_played":"1883258459122076085","potions_obtained":[{"floor":0.0,"key":"Energy Potion"},{"floor":0.0,"key":"EssenceOfSteel"},{"floor":0.0,"key":"PowerPotion"},{"floor":7.0,"key":"BloodPotion"},{"floor":28,"key":"Dexterity Potion"},{"floor":29,"key":"Explosive Potion"},{"floor":31,"key":"DistilledChaos"},{"floor":35,"key":"PowerPotion"}],"is_trial":false,"path_per_floor":["M","M","?","$","M","R","E","?","T","$","R","M","E","$","R","B",null,"M","?","M","M","?","R","E","M","T","?","E","?","E","M","R","B",null,"M","$","M","?","M","E","R","E","T","E","M","E","M","?","R","B",null],"character_chosen":"IRONCLAD","basemod:card_modifiers":[null,null,null,null,null,null,null,null,null,null,null,null,null,null,null,null,null,null,null,null,null,null,null,null],"items_purchased":["Fire Potion","Battle Trance","AttackPotion","Red Skull"],"campfire_rested":0,"item_purchase_floors":[4,4,10,36],"current_hp_per_floor":[68,72,72,72,74,74,55,44,44,59,68,67,53,53,62,61,77,74,74,75,72,72,81,75,65,65,65,63,63,35,38,50,60,77,77,77,76,76,72,57,69,59,59,59,65,56,62,62,74,78],"gold":189,"neow_bonus":"THREE_SMALL_POTIONS","is_prod":false,"is_daily":false,"chose_seed":false,"campfire_upgraded":7,"win_rate":0,"timestamp":1688078291,"path_taken":["M","?","?","$","M","R","E","?","T","?","R","M","E","$","R","BOSS","M","?","M","M","?","R","E","M","T","?","E","?","E","M","R","BOSS","M","$","?","?","M","E","R","E","T","E","M","E","M","?","R","BOSS"],"build_version":"2022-12-18","purchased_purges":3,"victory":true,"max_hp_per_floor":[75,75,75,75,75,75,75,75,75,75,75,75,82,82,82,82,82,82,82,82,82,82,82,82,82,82,82,82,82,82,82,82,82,82,82,82,82,82,82,82,82,82,82,82,82,82,82,78,78,78],"relic_stats":{"Happy Flower":[20],"counters":[26,113],"Eternal Feather":63,"Charon\u0027s Ashes":[448],"Bag of Preparation":[44],"Juzu Bracelet":0,"Orichalcum":[36],"Ancient Tea Set":[2],"Burning Blood":156,"Shuriken":[3],"Pantograph":29,"Art of War":[4],"obtain_stats":[{"Happy Flower":24,"Eternal Feather":9,"Charon\u0027s Ashes":28,"Bag of Preparation":7,"Juzu Bracelet":44,"Frozen Egg 2":22,"Orichalcum":30,"Empty Cage":34,"Ancient Tea Set":43,"Burning Blood":0,"Anchor":40,"Shuriken":46,"Strawberry":13,"Pantograph":26,"Red Mask":38,"Art of War":42,"Red Skull":36,"Runic Pyramid":17},{"Happy Flower":11,"Eternal Feather":4,"Charon\u0027s Ashes":13,"Bag of Preparation":4,"Juzu Bracelet":22,"Frozen Egg 2":10,"Orichalcum":14,"Empty Cage":16,"Ancient Tea Set":21,"Burning Blood":0,"Anchor":20,"Shuriken":24,"Strawberry":6,"Pantograph":12,"Red Mask":18,"Art of War":21,"Red Skull":17,"Runic Pyramid":7},{"Happy Flower":52,"Eternal Feather":15,"Charon\u0027s Ashes":61,"Bag of Preparation":15,"Juzu Bracelet":102,"Frozen Egg 2":48,"Orichalcum":65,"Empty Cage":79,"Ancient Tea Set":99,"Burning Blood":0,"Anchor":93,"Shuriken":108,"Strawberry":26,"Pantograph":56,"Red Mask":83,"Art of War":99,"Red Skull":81,"Runic Pyramid":37}]},"card_choices":[{"not_picked":["Body Slam","Power Through"],"picked":"Blood for Blood","floor":1.0},{"not_picked":["Flex","Thunderclap"],"picked":"Armaments","floor":2.0},{"not_picked":["Sword Boomerang","Pummel"],"picked":"Metallicize","floor":5.0},{"not_picked":["True Grit","Metallicize"],"picked":"Iron Wave","floor":7.0},{"not_picked":["Clash","Rage"],"picked":"Shrug It Off","floor":12.0},{"not_picked":["Seeing Red","Sever Soul"],"picked":"Combust","floor":13.0},{"not_picked":["Exhume","Demon Form"],"picked":"Offering","floor":16.0},{"not_picked":["Twin Strike","Battle Trance+1"],"picked":"Spot Weakness+1","floor":18.0},{"not_picked":["Perfected Strike","Evolve"],"picked":"Body Slam+1","floor":20.0},{"not_picked":["True Grit","Sever Soul","Whirlwind"],"picked":"SKIP","floor":21.0},{"not_picked":["Ghostly Armor","Fire Breathing+1","Wild Strike"],"picked":"SKIP","floor":24.0},{"not_picked":["Pommel Strike","Flex","Metallicize+1"],"picked":"SKIP","floor":25},{"not_picked":["Cleave","Anger+1"],"picked":"Juggernaut+1","floor":28},{"not_picked":["Armaments","Infernal Blade","Headbutt"],"picked":"SKIP","floor":30},{"not_picked":["Infernal Blade","Havoc"],"picked":"Burning Pact","floor":31},{"not_picked":["Exhume","Brutality+1"],"picked":"Corruption+1","floor":33},{"not_picked":["Heavy Blade+1","Body Slam"],"picked":"Twin Strike+1","floor":35},{"not_picked":["Clothesline","Intimidate","Flex"],"picked":"SKIP","floor":37},{"not_picked":["Heavy Blade","Havoc"],"picked":"Dual Wield+1","floor":39},{"not_picked":["Cleave","Evolve+1"],"picked":"Shrug It Off","floor":40},{"not_picked":["Brutality+1","Combust+1","Juggernaut+1"],"picked":"SKIP","floor":42},{"not_picked":["Perfected Strike+1","Warcry+1"],"picked":"Impervious","floor":44},{"not_picked":["Perfected Strike","Havoc","Sword Boomerang"],"picked":"SKIP","floor":45},{"not_picked":["Burning Pact","Fire Breathing+1","Cleave+1"],"picked":"SKIP","floor":46},{"not_picked":["True Grit","Armaments"],"picked":"Barricade+1","floor":47}],"player_experience":5709094,"relics_obtained":[{"floor":7.0,"key":"Bag of Preparation"},{"floor":9.0,"key":"Eternal Feather"},{"floor":13.0,"key":"Strawberry"},{"floor":24.0,"key":"Happy Flower"},{"floor":26,"key":"Pantograph"},{"floor":28,"key":"Charon\u0027s Ashes"},{"floor":30,"key":"Orichalcum"},{"floor":40,"key":"Anchor"},{"floor":42,"key":"Art of War"},{"floor":43,"key":"Ancient Tea Set"},{"floor":44,"key":"Juzu Bracelet"},{"floor":46,"key":"Shuriken"}],"event_choices":[{"damage_healed":0.0,"max_hp_gain":0.0,"max_hp_loss":0.0,"gold_gain":58.0,"event_name":"Golden Wing","player_choice":"Gained Gold","floor":3.0,"gold_loss":0.0,"damage_taken":0.0},{"damage_healed":0.0,"max_hp_gain":0.0,"max_hp_loss":0.0,"gold_gain":75.0,"event_name":"World of Goop","player_choice":"Gather Gold","floor":8.0,"gold_loss":0.0,"damage_taken":11.0},{"damage_healed":0.0,"max_hp_gain":0.0,"max_hp_loss":0.0,"gold_gain":0.0,"event_name":"Back to Basics","player_choice":"Simplicity","floor":19.0,"gold_loss":0.0,"damage_taken":0.0,"cards_upgraded":["Strike_R","Strike_R","Strike_R","Defend_R","Defend_R","Defend_R","Defend_R"]},{"damage_healed":0.0,"max_hp_gain":0.0,"max_hp_loss":0.0,"gold_gain":0.0,"event_name":"Addict","player_choice":"Obtained Relic","floor":22.0,"gold_loss":85.0,"damage_taken":0.0,"relics_obtained":["Frozen Egg 2"]},{"damage_healed":0,"gold_gain":0,"player_choice":"Ignored","damage_taken":0,"max_hp_gain":0,"max_hp_loss":0,"event_name":"Ghosts","floor":27,"gold_loss":0},{"damage_healed":0,"gold_gain":0,"player_choice":"Bought 1 Potion","damage_taken":0,"max_hp_gain":0,"max_hp_loss":0,"event_name":"The Woman in Blue","floor":29,"gold_loss":0},{"damage_healed":0,"gold_gain":0,"player_choice":"Paid","damage_taken":0,"relics_obtained":["Red Mask"],"max_hp_gain":0,"max_hp_loss":0,"event_name":"Tomb of Lord Red Mask","floor":38,"gold_loss":19},{"damage_healed":0,"gold_gain":0,"player_choice":"Max HP","damage_taken":0,"max_hp_gain":0,"max_hp_loss":4,"event_name":"Winding Halls","floor":48,"gold_loss":0}],"is_beta":false,"boss_relics":[{"not_picked":["Mark of Pain","Calling Bell"],"picked":"Runic Pyramid"},{"not_picked":["Runic Dome","Pandora\u0027s Box"],"picked":"Empty Cage"}],"items_purged_floors":[10,14,36],"is_endless":false,"potions_floor_spawned":[7,12,20,28,31,35,37,42,47],"ascension_level":15}