{"gold_per_floor":[118,138,158,174,174,174,206,224,224,224,256,272,62,93,93,167,167,177,190,208,219,239,239,269,286,286,300,300],"floor_reached":28,"playtime":1195,"items_purged":["Strike_B"],"score":509,"play_id":"ffed4c06-61a9-4803-88b6-bddcaa58d4d5","local_time":"20201217194924","is_ascension_mode":true,"campfire_choices":[{"data":"Doom and Gloom","floor":6,"key":"SMITH"},{"data":"Defragment","floor":10,"key":"SMITH"},{"data":"Capacitor","floor":15,"key":"SMITH"},{"floor":23,"key":"REST"}],"neow_cost":"PERCENT_DAMAGE","seed_source_timestamp":547523925156499,"circlet_count":0,"master_deck":["AscendersBane","Strike_B","Strike_B","Strike_B","Defend_B","Defend_B","Defend_B","Defend_B","Zap","Dualcast","Buffer+1","Glacier","Doom and Gloom+1","Defragment+1","Streamline","Conserve Battery","Cold Snap","Defragment","Capacitor+1","Core Surge","Amplify","Chill","Compile Driver","Turbo+1","Conserve Battery+1","Ball Lightning"],"relics":["Cracked Core","Bronze Scales","Du-Vu Doll","Eternal Feather","Calipers","Sozu","Dream Catcher","Question Card"],"potions_floor_usage":[14],"damage_taken":[{"damage":1,"enemies":"Cultist","floor":1,"turns":4},{"damage":0,"enemies":"2 Louse","floor":2,"turns":3},{"damage":9,"enemies":"Jaw Worm","floor":3,"turns":4},{"damage":1,"enemies":"2 Fungi Beasts","floor":4,"turns":3},{"damage":5,"enemies":"Gremlin Nob","floor":7,"turns":5},{"damage":0,"enemies":"3 Louse","floor":8,"turns":1},{"damage":5,"enemies":"3 Sentries","floor":11,"turns":5},{"damage":0,"enemies":"Lots of Slimes","floor":12,"turns":1},{"damage":0,"enemies":"Lagavulin","floor":14,"turns":6},{"damage":8,"enemies":"The Guardian","floor":16,"turns":9},{"damage":7,"enemies":"Chosen","floor":18,"turns":6},{"damage":0,"enemies":"Spheric Guardian","floor":19,"turns":5},{"damage":1,"enemies":"Cultist and Chosen","floor":20,"turns":6},{"damage":3,"enemies":"Snecko","floor":21,"turns":6},{"damage":19,"enemies":"Centurion and Healer","floor":22,"turns":6},{"damage":11,"enemies":"Gremlin Leader","floor":24,"turns":7},{"damage":24,"enemies":"Snake Plant","floor":25,"turns":5},{"damage":33,"enemies":"Shelled Parasite and Fungi","floor":27,"turns":6},{"damage":14,"enemies":"Slavers","floor":28,"turns":1}],"seed_played":"4410651526948220923","potions_obtained":[{"floor":1,"key":"GamblersBrew"},{"floor":4,"key":"CultistPotion"},{"floor":12,"key":"Fruit Juice"},{"floor":14,"key":"Ancient Potion"}],"is_trial":false,"path_per_floor":["M","M","M","M","?","R","E","M","T","R","E","M","$","E","R","B",null,"M","M","M","M","M","R","E","M","T","M","E"],"character_chosen":"DEFECT","items_purchased":["Capacitor","Core Surge"],"campfire_rested":1,"item_purchase_floors":[13,13],"current_hp_per_floor":[45,45,36,35,35,35,30,30,30,30,25,25,25,30,42,34,66,59,59,58,55,36,73,62,38,38,5,0],"gold":300,"neow_bonus":"THREE_RARE_CARDS","is_prod":false,"is_daily":false,"chose_seed":false,"campfire_upgraded":3,"win_rate":0,"timestamp":1608263364,"path_taken":["M","M","?","M","?","R","E","M","T","R","E","?","$","E","R","BOSS","M","?","M","?","M","R","E","M","T","M","E"],"build_version":"2020-12-13","purchased_purges":1,"victory":false,"max_hp_per_floor":[71,71,71,71,71,71,71,71,71,71,71,71,71,76,76,76,76,76,76,76,76,76,76,76,76,76,76,76],"card_choices":[{"not_picked":["Machine Learning","Core Surge"],"picked":"Buffer","floor":0},{"not_picked":["Sunder","Tempest"],"picked":"Glacier","floor":1},{"not_picked":["Undo","Compile Driver"],"picked":"Doom and Gloom","floor":2},{"not_picked":["Go for the Eyes","Auto Shields"],"picked":"Defragment","floor":3},{"not_picked":["Blizzard","Hologram"],"picked":"Streamline","floor":4},{"not_picked":["Streamline","Steam Power"],"picked":"Conserve Battery","floor":7},{"not_picked":["Rebound","Go for the Eyes"],"picked":"Cold Snap","floor":8},{"not_picked":["White Noise","Redo","Skim"],"picked":"SKIP","floor":11},{"not_picked":["Leap","Steam"],"picked":"Defragment","floor":12},{"not_picked":["Hologram","Gash","Sweeping Beam"],"picked":"SKIP","floor":14},{"not_picked":["Reboot","All For One"],"picked":"Amplify","floor":16},{"not_picked":["Steam Power","BootSequence+1"],"picked":"Chill","floor":18},{"not_picked":["Gash","Steam Power"],"picked":"Compile Driver","floor":19},{"not_picked":["Chaos","Compile Driver"],"picked":"Turbo+1","floor":20},{"not_picked":["Auto Shields","Turbo"],"picked":"Conserve Battery+1","floor":21},{"not_picked":["Go for the Eyes","Redo","Cold Snap"],"picked":"SKIP","floor":22},{"not_picked":["Rebound","Multi-Cast","Compile Driver"],"picked":"SKIP","floor":24},{"not_picked":["Rebound","Static Discharge","Leap"],"picked":"SKIP","floor":25},{"not_picked":["Leap","Rebound","Fusion"],"picked":"Ball Lightning","floor":27}],"player_experience":4594599,"relics_obtained":[{"floor":7,"key":"Bronze Scales"},{"floor":9,"key":"Du-Vu Doll"},{"floor":11,"key":"Eternal Feather"},{"floor":14,"key":"Calipers"},{"floor":24,"key":"Dream Catcher"},{"floor":26,"key":"Question Card"}],"event_choices":[{"damage_healed":0,"gold_gain":0,"player_choice":"Forge","damage_taken":0,"max_hp_gain":0,"max_hp_loss":0,"event_name":"Accursed Blacksmith","floor":5,"gold_loss":0,"cards_upgraded":["Buffer"]}],"is_beta":false,"boss_relics":[{"not_picked":["FrozenCore","Velvet Choker"],"picked":"Sozu"}],"items_purged_floors":[13],"is_endless":false,"potions_floor_spawned":[1,4,12,14,18,27],"killed_by":"Slavers","ascension_level":15}