{"gold_per_floor":[18,28,38,38,38,38,65,65,112,126,152,165,22,49,49,120,120,131,145,163,163,15,45,45,74,74,74,74,74,74,93,93,172,172,185,185,22,22,37,37,71,85,109,122,122,157,168,501,501,501],"floor_reached":51,"playtime":5728,"items_purged":[],"score":1938,"play_id":"ac863185-d800-4a0a-9337-c70a91b89cca","local_time":"20201219205157","is_ascension_mode":true,"campfire_choices":[{"floor":6,"key":"REST"},{"data":"Buffer","floor":8,"key":"SMITH"},{"data":"Ball Lightning","floor":15,"key":"SMITH"},{"data":"Buffer","floor":24,"key":"SMITH"},{"data":"Loop","floor":27,"key":"SMITH"},{"data":"Darkness","floor":29,"key":"SMITH"},{"data":"Seek","floor":32,"key":"SMITH"},{"data":"Electrodynamics","floor":40,"key":"SMITH"},{"data":"Hologram","floor":45,"key":"SMITH"},{"data":"Force Field","floor":49,"key":"SMITH"}],"neow_cost":"NO_GOLD","seed_source_timestamp":2329833272100,"circlet_count":0,"master_deck":["AscendersBane","Strike_B+1","Strike_B+1","Strike_B+1","Defend_B+1","Defend_B+1","Defend_B+1","Defend_B+1","Zap","Ball Lightning+1","Sweeping Beam+1","Glacier","Buffer+1","Glacier","Barrage+1","Compile Driver","Seek+1","Loop+1","Buffer+1","Darkness+1","Defragment+1","Electrodynamics+1","Hologram+1","Master of Strategy","Stack+1","Force Field+1"],"relics":["Gambling Chip","Blood Vial","Potion Belt","Pen Nib","Whetstone","Lantern","Bag of Preparation","SlaversCollar","Happy Flower","DataDisk","Toy Ornithopter","Eternal Feather","Nloth\u0027s Gift","Coffee Dripper","Ancient Tea Set","Art of War","Question Card","Old Coin"],"potions_floor_usage":[7,23,23,39,44,50,50,50,50],"damage_taken":[{"damage":0,"enemies":"Small Slimes","floor":1,"turns":2},{"damage":7,"enemies":"2 Louse","floor":2,"turns":2},{"damage":2,"enemies":"Jaw Worm","floor":3,"turns":3},{"damage":6,"enemies":"Gremlin Nob","floor":7,"turns":3},{"damage":0,"enemies":"Blue Slaver","floor":10,"turns":3},{"damage":0,"enemies":"Lagavulin","floor":11,"turns":6},{"damage":0,"enemies":"Looter","floor":12,"turns":3},{"damage":0,"enemies":"Gremlin Nob","floor":14,"turns":4},{"damage":0,"enemies":"Slime Boss","floor":16,"turns":9},{"damage":11,"enemies":"2 Thieves","floor":18,"turns":4},{"damage":0,"enemies":"Shell Parasite","floor":19,"turns":8},{"damage":0,"enemies":"Centurion and Healer","floor":20,"turns":9},{"damage":7,"enemies":"Slavers","floor":23,"turns":4},{"damage":0,"enemies":"Book of Stabbing","floor":25,"turns":7},{"damage":0,"enemies":"Chosen and Byrds","floor":31,"turns":6},{"damage":0,"enemies":"Champ","floor":33,"turns":11},{"damage":0,"enemies":"3 Shapes","floor":35,"turns":1},{"damage":0,"enemies":"3 Darklings","floor":39,"turns":3},{"damage":0,"enemies":"Giant Head","floor":41,"turns":10},{"damage":0,"enemies":"Jaw Worm Horde","floor":42,"turns":3},{"damage":0,"enemies":"Sphere and 2 Shapes","floor":44,"turns":2},{"damage":0,"enemies":"Reptomancer","floor":46,"turns":5},{"damage":0,"enemies":"Writhing Mass","floor":47,"turns":8},{"damage":13,"enemies":"Giant Head","floor":48,"turns":10},{"damage":0,"enemies":"Awakened One","floor":50,"turns":11}],"seed_played":"-367614763984673793","potions_obtained":[{"floor":2,"key":"BlessingOfTheForge"},{"floor":3,"key":"AttackPotion"},{"floor":10,"key":"Dexterity Potion"},{"floor":16,"key":"FearPotion"},{"floor":18,"key":"Explosive Potion"},{"floor":31,"key":"Fruit Juice"},{"floor":33,"key":"AttackPotion"},{"floor":42,"key":"LiquidMemories"},{"floor":44,"key":"PowerPotion"},{"floor":47,"key":"CultistPotion"}],"is_trial":false,"path_per_floor":["M","M","M","?","?","R","E","R","T","M","E","M","$","E","R","B",null,"M","M","M","?","$","E","R","E","T","R","?","R","?","M","R","B",null,"M","?","$","?","M","R","E","M","T","M","R","E","M","E","R","B",null],"character_chosen":"DEFECT","items_purchased":["Lantern","Happy Flower","Master of Strategy"],"campfire_rested":1,"item_purchase_floors":[13,22,37],"current_hp_per_floor":[64,57,55,48,30,51,47,47,47,49,51,53,53,55,55,57,68,59,61,63,63,63,58,58,60,60,71,71,71,71,71,71,71,71,71,71,71,67,67,67,67,67,67,72,72,72,72,59,72,72],"gold":501,"neow_bonus":"ONE_RARE_RELIC","is_prod":false,"is_daily":false,"chose_seed":false,"campfire_upgraded":9,"win_rate":0,"timestamp":1608439917,"path_taken":["M","M","M","?","?","R","E","R","T","M","E","M","?","E","R","BOSS","M","M","M","?","$","E","R","E","T","R","?","R","?","M","R","BOSS","M","?","$","?","M","R","E","M","T","M","R","E","M","E","R","BOSS"],"build_version":"2020-12-13","purchased_purges":0,"victory":true,"max_hp_per_floor":[71,71,71,71,71,71,71,71,71,71,71,71,71,71,71,71,71,71,71,71,71,71,71,71,71,71,71,71,71,71,71,71,71,71,71,71,71,67,67,67,67,67,67,72,72,72,72,72,72,72],"card_choices":[{"not_picked":["Barrage","Beam Cell"],"picked":"Ball Lightning","floor":1},{"not_picked":["Rebound","Beam Cell"],"picked":"Sweeping Beam","floor":2},{"not_picked":["Turbo","Scrape"],"picked":"Glacier","floor":3},{"not_picked":["Force Field","Chaos"],"picked":"Buffer","floor":7},{"not_picked":["Sweeping Beam","Steam"],"picked":"Glacier","floor":10},{"not_picked":["Turbo","Rebound"],"picked":"Barrage","floor":11},{"not_picked":["Glacier","Conserve Battery"],"picked":"Compile Driver","floor":12},{"not_picked":["Compile Driver","Gash","Go for the Eyes"],"picked":"SKIP","floor":14},{"not_picked":["Rainbow","Meteor Strike"],"picked":"Seek","floor":16},{"not_picked":["Stack","Recycle"],"picked":"Loop","floor":18},{"not_picked":["Recycle","Coolheaded","Redo"],"picked":"SKIP","floor":19},{"not_picked":["Gash","Reboot","Coolheaded"],"picked":"SKIP","floor":20},{"not_picked":["Reprogram","Gash"],"picked":"Buffer","floor":23},{"not_picked":["Coolheaded+1","Rebound"],"picked":"Darkness","floor":25},{"not_picked":["Beam Cell","Compile Driver"],"picked":"Defragment+1","floor":31},{"not_picked":["Core Surge","Multi-Cast"],"picked":"Electrodynamics","floor":33},{"not_picked":["Darkness","Aggregate"],"picked":"Hologram","floor":35},{"not_picked":["Genetic Algorithm","Fusion","Redo"],"picked":"SKIP","floor":39},{"not_picked":["Buffer","All For One","Sweeping Beam"],"picked":"SKIP","floor":41},{"not_picked":["Hologram","Gash+1","Sweeping Beam"],"picked":"SKIP","floor":42},{"not_picked":["Tempest","Auto Shields"],"picked":"Stack+1","floor":44},{"not_picked":["Leap","Recycle"],"picked":"Force Field","floor":46},{"not_picked":["Tempest","Skim","Leap","Cold Snap"],"picked":"SKIP","floor":47},{"not_picked":["Biased Cognition","Skim","Hyperbeam","Reboot"],"picked":"SKIP","floor":48}],"player_experience":4595794,"relics_obtained":[{"floor":7,"key":"Potion Belt"},{"floor":9,"key":"Pen Nib"},{"floor":11,"key":"Whetstone"},{"floor":14,"key":"Bag of Preparation"},{"floor":23,"key":"DataDisk"},{"floor":25,"key":"Toy Ornithopter"},{"floor":26,"key":"Eternal Feather"},{"floor":41,"key":"Ancient Tea Set"},{"floor":43,"key":"Art of War"},{"floor":46,"key":"Question Card"},{"floor":48,"key":"Old Coin"}],"event_choices":[{"cards_removed":["Strike_B"],"damage_healed":0,"gold_gain":0,"player_choice":"Card Removal","damage_taken":7,"max_hp_gain":0,"max_hp_loss":0,"event_name":"Golden Wing","floor":4,"gold_loss":0},{"damage_healed":0,"gold_gain":0,"player_choice":"Success","damage_taken":18,"relics_obtained":["Blood Vial"],"max_hp_gain":0,"max_hp_loss":0,"event_name":"Scrap Ooze","floor":5,"gold_loss":0},{"damage_healed":0,"gold_gain":0,"player_choice":"Simplicity","damage_taken":0,"max_hp_gain":0,"max_hp_loss":0,"event_name":"Back to Basics","floor":21,"gold_loss":0,"cards_upgraded":["Strike_B","Strike_B","Strike_B","Defend_B","Defend_B","Defend_B","Defend_B"]},{"damage_healed":0,"gold_gain":0,"player_choice":"Ignored","damage_taken":0,"max_hp_gain":0,"max_hp_loss":0,"event_name":"Ghosts","floor":28,"gold_loss":0},{"damage_healed":0,"gold_gain":0,"player_choice":"Traded Relic","damage_taken":0,"relics_obtained":["Nloth\u0027s Gift"],"max_hp_gain":0,"max_hp_loss":0,"event_name":"N\u0027loth","floor":30,"relics_lost":["Cracked Core"],"gold_loss":0},{"cards_removed":["Dualcast"],"damage_healed":0,"gold_gain":0,"player_choice":"Removed Skill","damage_taken":0,"max_hp_gain":0,"max_hp_loss":0,"event_name":"Falling","floor":36,"gold_loss":0},{"damage_healed":0,"gold_gain":0,"player_choice":"Max HP","damage_taken":0,"max_hp_gain":0,"max_hp_loss":4,"event_name":"Winding Halls","floor":38,"gold_loss":0}],"is_beta":false,"boss_relics":[{"not_picked":["Nuclear Battery","Astrolabe"],"picked":"SlaversCollar"},{"not_picked":["Calling Bell","Runic Dome"],"picked":"Coffee Dripper"}],"items_purged_floors":[],"is_endless":false,"potions_floor_spawned":[2,3,10,16,18,31,33,42,44,47],"ascension_level":15}