{"gold_per_floor":[110,127,142,17,17,344,358,384,410,437,437,457,457,467,467,544,544,562,238,288,216,229,229,258,258,258,258,358,386,404,421,421,499,499,512,31,51,64,78,108,108,126,126,126,136,47,63,97,97,97],"floor_reached":51,"playtime":2613,"items_purged":["Strike_B","Strike_B","Strike_B"],"score":1558,"play_id":"43ce7658-aa5d-489b-9ff5-1177f338c4a2","local_time":"20210109115604","is_ascension_mode":true,"campfire_choices":[{"floor":11.0,"key":"REST"},{"data":"Loop","floor":15.0,"key":"SMITH"},{"data":"Buffer","floor":23.0,"key":"SMITH"},{"data":"Capacitor","floor":32.0,"key":"SMITH"},{"data":"Buffer","floor":41,"key":"SMITH"},{"data":"Barrage","floor":44,"key":"SMITH"},{"data":"Hologram","floor":49,"key":"SMITH"}],"neow_cost":"NONE","seed_source_timestamp":839512417834500,"circlet_count":0,"master_deck":["AscendersBane","Strike_B","Defend_B","Defend_B","Defend_B","Defend_B","Zap+1","Dualcast","Gash","Barrage+1","Cold Snap","Ball Lightning","Glacier","Compile Driver","Loop+1","Cold Snap","Buffer+1","Chill+1","Capacitor+1","Glacier","Leap","Hologram+1","Glacier","Undo","Static Discharge","Buffer+1","Loop+1","Defragment+1","Glacier","Loop+1","Glacier","Darkness+1","Heatsinks+1","Doubt","Self Repair+1","Storm+1","Heatsinks+1","White Noise+1"],"special_seed":0,"relics":["Cracked Core","Old Coin","Toy Ornithopter","Nunchaku","Omamori","Cursed Key","Anchor","HornCleat","The Courier","Du-Vu Doll","Bird Faced Urn","Ornamental Fan","Strawberry","Coffee Dripper","Frozen Egg 2","Mummified Hand","Blood Vial","Gremlin Horn"],"potions_floor_usage":[40,50,50],"damage_taken":[{"damage":0.0,"enemies":"Cultist","floor":1.0,"turns":3.0},{"damage":0.0,"enemies":"2 Louse","floor":2.0,"turns":1.0},{"damage":12.0,"enemies":"Jaw Worm","floor":3.0,"turns":2.0},{"damage":19.0,"enemies":"3 Sentries","floor":6.0,"turns":9.0},{"damage":7.0,"enemies":"Blue Slaver","floor":7.0,"turns":4.0},{"damage":15.0,"enemies":"Lagavulin","floor":8.0,"turns":6.0},{"damage":9.0,"enemies":"3 Sentries","floor":10.0,"turns":7.0},{"damage":6.0,"enemies":"Looter","floor":12.0,"turns":3.0},{"damage":0.0,"enemies":"3 Louse","floor":14.0,"turns":3.0},{"damage":27.0,"enemies":"Hexaghost","floor":16.0,"turns":11.0},{"damage":5.0,"enemies":"Chosen","floor":18.0,"turns":6.0},{"damage":6.0,"enemies":"2 Thieves","floor":22.0,"turns":5.0},{"damage":20.0,"enemies":"Book of Stabbing","floor":24.0,"turns":8.0},{"damage":0.0,"enemies":"Colosseum Slavers","floor":28.0,"turns":6.0},{"damage":0.0,"enemies":"Colosseum Nobs","floor":28.0,"turns":6.0},{"damage":20.0,"enemies":"Slavers","floor":29.0,"turns":7.0},{"damage":0.0,"enemies":"Snecko","floor":30.0,"turns":6.0},{"damage":0.0,"enemies":"3 Cultists","floor":31.0,"turns":7.0},{"damage":49,"enemies":"Collector","floor":33,"turns":20},{"damage":0,"enemies":"Orb Walker","floor":35,"turns":3},{"damage":9,"enemies":"3 Darklings","floor":37,"turns":7},{"damage":0,"enemies":"Writhing Mass","floor":38,"turns":11},{"damage":13,"enemies":"Sphere and 2 Shapes","floor":39,"turns":8},{"damage":0,"enemies":"Giant Head","floor":40,"turns":12},{"damage":12,"enemies":"Transient","floor":42,"turns":5},{"damage":0,"enemies":"Jaw Worm Horde","floor":45,"turns":7},{"damage":0,"enemies":"3 Darklings","floor":47,"turns":6},{"damage":1,"enemies":"Reptomancer","floor":48,"turns":5},{"damage":0,"enemies":"Awakened One","floor":50,"turns":8}],"seed_played":"8903933556225762770","potions_obtained":[{"floor":1.0,"key":"Weak Potion"},{"floor":7.0,"key":"FearPotion"},{"floor":10.0,"key":"Dexterity Potion"},{"floor":14.0,"key":"Explosive Potion"},{"floor":16.0,"key":"Regen Potion"},{"floor":18.0,"key":"Dexterity Potion"},{"floor":33,"key":"PotionOfCapacity"},{"floor":42,"key":"SneckoOil"},{"floor":45,"key":"PotionOfCapacity"}],"is_trial":false,"path_per_floor":["M","M","M","$","?","E","M","E","T","E","R","M","?","M","R","B",null,"M","$","?","$","M","R","E","?","T","?","?","E","M","M","R","B",null,"M","$","M","M","M","E","R","M","T","R","M","$","M","E","R","B",null],"character_chosen":"DEFECT","items_purchased":["Cold Snap","Anchor","Capacitor","Glacier","Frozen Egg 2","Loop+1","Defragment+1","DuplicationPotion","Storm+1","Heatsinks+1"],"campfire_rested":1,"item_purchase_floors":[4,19,19,21,36,36,36,36,46,46],"current_hp_per_floor":[64,64,52,52,52,33,26,11,11,2,23,22,27,27,27,5,58,73,73,73,73,67,67,52,52,52,52,52,50,56,62,62,21,68,70,70,75,83,82,83,83,77,77,77,83,83,83,83,83,83],"gold":97,"neow_bonus":"UPGRADE_CARD","is_prod":false,"is_daily":false,"chose_seed":false,"campfire_upgraded":6,"win_rate":0,"timestamp":1610222164,"path_taken":["M","M","?","$","?","E","M","E","T","E","R","M","?","M","R","BOSS","M","$","?","$","M","R","E","?","T","?","?","E","M","M","R","BOSS","M","$","M","M","M","E","R","M","T","R","M","$","M","E","R","BOSS"],"build_version":"2020-12-22","purchased_purges":3,"victory":true,"max_hp_per_floor":[71,71,71,71,71,71,71,71,71,71,71,71,76,76,76,76,76,76,76,76,76,76,76,76,76,76,76,76,83,83,83,83,83,83,83,83,83,83,83,83,83,83,83,83,83,83,83,83,83,83],"card_choices":[{"not_picked":["Steam Power","Beam Cell"],"picked":"Gash","floor":1.0},{"not_picked":["Coolheaded","Beam Cell"],"picked":"Barrage","floor":2.0},{"not_picked":["Steam Power","Turbo","Barrage"],"picked":"SKIP","floor":3.0},{"not_picked":["Gash","Chaos"],"picked":"Ball Lightning","floor":6.0},{"not_picked":["White Noise","Steam"],"picked":"Glacier","floor":7.0},{"not_picked":["Cold Snap","Barrage"],"picked":"Compile Driver","floor":8.0},{"not_picked":["Turbo","Meteor Strike"],"picked":"Loop","floor":10.0},{"not_picked":["Cold Snap","Go for the Eyes","Storm"],"picked":"SKIP","floor":12.0},{"not_picked":["Redo","Skim"],"picked":"Cold Snap","floor":14.0},{"not_picked":["Rainbow","Hyperbeam"],"picked":"Buffer","floor":16.0},{"not_picked":["Tempest+1","Hologram"],"picked":"Chill+1","floor":18.0},{"not_picked":["Recycle","Barrage"],"picked":"Leap","floor":22.0},{"not_picked":["Go for the Eyes","Redo"],"picked":"Hologram","floor":24.0},{"not_picked":["Compile Driver","Turbo"],"picked":"Glacier","floor":29.0},{"not_picked":["Sweeping Beam","Stack"],"picked":"Undo","floor":30.0},{"not_picked":["Rebound","Turbo"],"picked":"Static Discharge","floor":31.0},{"not_picked":["Multi-Cast","All For One"],"picked":"Buffer","floor":33},{"not_picked":["Melter","Redo+1","Go for the Eyes"],"picked":"SKIP","floor":35},{"not_picked":["Rebound","Static Discharge+1"],"picked":"Glacier","floor":37},{"not_picked":["Beam Cell+1","Consume"],"picked":"Loop+1","floor":38},{"not_picked":["Redo","Rebound"],"picked":"Glacier","floor":39},{"not_picked":["Doom and Gloom","White Noise"],"picked":"Darkness+1","floor":40},{"not_picked":["Streamline+1","Cold Snap"],"picked":"Heatsinks+1","floor":42},{"not_picked":["Sweeping Beam+1","Streamline+1"],"picked":"Self Repair+1","floor":45},{"not_picked":["Conserve Battery","Coolheaded","Cold Snap+1"],"picked":"SKIP","floor":47},{"not_picked":["Stack","Rebound"],"picked":"White Noise+1","floor":48}],"player_experience":4683729,"relics_obtained":[{"floor":6.0,"key":"Old Coin"},{"floor":8.0,"key":"Toy Ornithopter"},{"floor":9.0,"key":"Nunchaku"},{"floor":10.0,"key":"Omamori"},{"floor":24.0,"key":"HornCleat"},{"floor":26.0,"key":"The Courier"},{"floor":28.0,"key":"Bird Faced Urn"},{"floor":28.0,"key":"Ornamental Fan"},{"floor":29.0,"key":"Strawberry"},{"floor":40,"key":"Mummified Hand"},{"floor":43,"key":"Blood Vial"},{"floor":48,"key":"Gremlin Horn"}],"event_choices":[{"damage_healed":0.0,"max_hp_gain":0.0,"max_hp_loss":0.0,"gold_gain":0.0,"event_name":"Liars Game","player_choice":"Ignored","floor":5.0,"gold_loss":0.0,"damage_taken":0.0},{"damage_healed":0.0,"max_hp_gain":5.0,"max_hp_loss":0.0,"gold_gain":0.0,"event_name":"Big Fish","player_choice":"Donut","floor":13.0,"gold_loss":0.0,"damage_taken":0.0},{"damage_healed":0.0,"max_hp_gain":0.0,"max_hp_loss":0.0,"gold_gain":50.0,"event_name":"Nest","player_choice":"Stole From Cult","floor":20.0,"gold_loss":0.0,"damage_taken":0.0},{"damage_healed":0.0,"max_hp_gain":0.0,"max_hp_loss":0.0,"gold_gain":0.0,"event_name":"Vampires","player_choice":"Ignored","floor":25.0,"gold_loss":0.0,"damage_taken":0.0},{"damage_healed":0.0,"max_hp_gain":0.0,"max_hp_loss":0.0,"gold_gain":0.0,"event_name":"Addict","player_choice":"Stole Relic","floor":27.0,"gold_loss":0.0,"damage_taken":0.0,"relics_obtained":["Du-Vu Doll"],"cards_obtained":["Shame"]},{"damage_healed":0.0,"max_hp_gain":0.0,"max_hp_loss":0.0,"gold_gain":0.0,"event_name":"Colosseum","player_choice":"Fight","floor":28.0,"gold_loss":0.0,"damage_taken":0.0},{"damage_healed":0.0,"max_hp_gain":0.0,"max_hp_loss":0.0,"gold_gain":0.0,"event_name":"Colosseum","player_choice":"Fought Nobs","floor":28.0,"gold_loss":0.0,"damage_taken":0.0}],"is_beta":false,"boss_relics":[{"not_picked":["Sozu","Tiny House"],"picked":"Cursed Key"},{"not_picked":["SlaversCollar","Empty Cage"],"picked":"Coffee Dripper"}],"items_purged_floors":[4,19,36],"is_endless":false,"potions_floor_spawned":[1,7,10,14,16,18,22,28,33,37,42,45,47,48],"ascension_level":15}