{"gold_per_floor":[216,216,216,239,263,263,299,312,312,350,375,149,49,74,74,163,163,178,268,286,309,322,322,322],"floor_reached":24,"playtime":891,"items_purged":["Strike_B","Strike_B"],"score":350,"play_id":"adccb1e2-18aa-40eb-b6d7-d9768f7cfb22","local_time":"20210124163505","is_ascension_mode":true,"campfire_choices":[{"data":"Streamline","floor":6.0,"key":"SMITH"},{"floor":15,"key":"REST"},{"data":"1","floor":23,"key":"LIFT"}],"neow_cost":"NONE","seed_source_timestamp":893574638860900,"circlet_count":0,"master_deck":["AscendersBane","Strike_B","Strike_B","Defend_B","Defend_B","Defend_B","Defend_B","Zap","Dualcast","Cold Snap","Streamline+1","Steam","Leap","Cold Snap","Electrodynamics+1","Defragment+1","Panacea","Heatsinks+1","Echo Form+1","Rip and Tear+1","Ball Lightning"],"special_seed":0,"relics":["Cracked Core","Golden Idol","Ginger","Girya","Frozen Egg 2","Odd Mushroom","Coffee Dripper"],"potions_floor_usage":[11,16,20,24,24],"damage_taken":[{"damage":2.0,"enemies":"Jaw Worm","floor":1.0,"turns":4.0},{"damage":4.0,"enemies":"Small Slimes","floor":4.0,"turns":3.0},{"damage":0.0,"enemies":"Cultist","floor":5.0,"turns":4.0},{"damage":23.0,"enemies":"Lagavulin","floor":7.0,"turns":6.0},{"damage":11.0,"enemies":"Gremlin Gang","floor":8.0,"turns":5.0},{"damage":16.0,"enemies":"The Mushroom Lair","floor":10.0,"turns":4.0},{"damage":1,"enemies":"Exordium Thugs","floor":11,"turns":6},{"damage":4,"enemies":"Large Slime","floor":14,"turns":4},{"damage":5,"enemies":"Hexaghost","floor":16,"turns":14},{"damage":6,"enemies":"2 Thieves","floor":18,"turns":4},{"damage":5,"enemies":"Shell Parasite","floor":20,"turns":6},{"damage":7,"enemies":"Snake Plant","floor":21,"turns":5},{"damage":5,"enemies":"Chosen and Byrds","floor":22,"turns":4},{"damage":33,"enemies":"Slavers","floor":24,"turns":3}],"seed_played":"-8316799209644501270","potions_obtained":[{"floor":8.0,"key":"EssenceOfSteel"},{"floor":11,"key":"Swift Potion"},{"floor":16,"key":"Explosive Potion"},{"floor":18,"key":"Regen Potion"},{"floor":22,"key":"SkillPotion"}],"is_trial":false,"path_per_floor":["M","?","T","M","M","R","E","M","T","?","M","$","$","M","R","B",null,"M","?","M","M","M","R","E"],"character_chosen":"DEFECT","items_purchased":["Defragment+1","Panacea"],"campfire_rested":1,"item_purchase_floors":[12,12],"current_hp_per_floor":[62,62,62,58,58,58,35,24,24,8,7,7,7,3,22,17,52,46,34,44,37,32,32,0],"gold":322,"neow_bonus":"HUNDRED_GOLD","is_prod":false,"is_daily":false,"chose_seed":false,"campfire_upgraded":1,"win_rate":0,"timestamp":1611534905,"path_taken":["M","?","?","M","M","R","E","M","T","?","M","?","$","M","R","BOSS","M","?","M","M","?","R","E"],"build_version":"2020-12-22","purchased_purges":2,"victory":false,"max_hp_per_floor":[71,64,64,64,64,64,64,64,64,64,64,64,64,64,64,64,64,64,64,64,64,64,64,64],"card_choices":[{"not_picked":["Barrage","Rebound"],"picked":"Cold Snap","floor":1.0},{"not_picked":["Chaos","Redo"],"picked":"Streamline","floor":4.0},{"not_picked":["Redo","Blizzard"],"picked":"Steam","floor":5.0},{"not_picked":["Gash","Redo"],"picked":"Leap","floor":7.0},{"not_picked":["Sweeping Beam","Rebound"],"picked":"Cold Snap","floor":8.0},{"not_picked":["Coolheaded","Gash"],"picked":"Electrodynamics+1","floor":11},{"not_picked":["Steam","Gash"],"picked":"Heatsinks+1","floor":14},{"not_picked":["Meteor Strike","All For One"],"picked":"Echo Form+1","floor":16},{"not_picked":["Force Field","BootSequence"],"picked":"Rip and Tear+1","floor":18},{"not_picked":["Conserve Battery","Streamline","Hologram"],"picked":"SKIP","floor":20},{"not_picked":["Rebound","Skim","Conserve Battery"],"picked":"SKIP","floor":21},{"not_picked":["Scrape","Rebound"],"picked":"Ball Lightning","floor":22}],"player_experience":4705197,"relics_obtained":[{"floor":3.0,"key":"Ginger"},{"floor":7.0,"key":"Girya"},{"floor":9.0,"key":"Frozen Egg 2"},{"floor":10.0,"key":"Odd Mushroom"}],"event_choices":[{"damage_healed":0.0,"max_hp_gain":0.0,"max_hp_loss":7.0,"gold_gain":0.0,"event_name":"Golden Idol","player_choice":"Lose Max HP","floor":2.0,"gold_loss":0.0,"damage_taken":0.0,"relics_obtained":["Golden Idol"]},{"damage_healed":0.0,"max_hp_gain":0.0,"max_hp_loss":0.0,"gold_gain":0.0,"event_name":"Mushrooms","player_choice":"Fought Mushrooms","floor":10.0,"gold_loss":0.0,"damage_taken":0.0},{"damage_healed":0,"gold_gain":90,"player_choice":"GOLD ","damage_taken":12,"max_hp_gain":0,"max_hp_loss":0,"event_name":"Knowing Skull","floor":19,"potions_obtained":[],"gold_loss":0,"cards_obtained":[]}],"is_beta":false,"boss_relics":[{"not_picked":["FrozenCore","Inserter"],"picked":"Coffee Dripper"}],"items_purged_floors":[12,13],"is_endless":false,"potions_floor_spawned":[8,11,16,18,22],"killed_by":"Slavers","ascension_level":15}