{"gold_per_floor":[213,363,40,40,53,87,87,117,117,117,148,160,35,68,68,139,139,149,6,39,49,49,49,83,83,132,7,38,38,64,75,75,148,148,166,16,33,48,64,94,105,105,157,183,201,229,248,282,282,282],"floor_reached":51,"playtime":2479,"items_purged":["Doubt","Strike_B","Strike_B","Strike_B"],"score":1772,"play_id":"e85191a2-1b64-4b8d-8873-0a8dce3562b7","local_time":"20210209113500","is_ascension_mode":true,"campfire_choices":[{"data":"Dualcast","floor":7.0,"key":"SMITH"},{"floor":10.0,"key":"REST"},{"data":"Barrage","floor":15.0,"key":"SMITH"},{"data":"Fission","floor":23.0,"key":"SMITH"},{"floor":25.0,"key":"REST"},{"floor":29.0,"key":"REST"},{"data":"Conserve Battery","floor":32.0,"key":"SMITH"},{"data":"Multi-Cast","floor":42.0,"key":"SMITH"},{"data":"Seek","floor":49,"key":"SMITH"}],"neow_cost":"NONE","seed_source_timestamp":2256388372033700,"circlet_count":0,"master_deck":["AscendersBane","Strike_B","Defend_B","Defend_B","Defend_B","Defend_B","Zap+1","Dualcast+1","Conserve Battery+1","Compile Driver","Steam","Barrage+1","Fission+1","Cold Snap","Seek+1","Leap","Reinforced Body+1","Defragment+1","Coolheaded","Doom and Gloom","Multi-Cast+1","Cold Snap+1","Chill","Compile Driver+1","Go for the Eyes+1","Defragment+1"],"special_seed":0,"relics":["Cracked Core","Symbiotic Virus","Art of War","Odd Mushroom","Mercury Hourglass","Akabeko","Letter Opener","Black Star","Anchor","Red Mask","Frozen Egg 2","DataDisk","MealTicket","WingedGreaves","Kunai","Omamori","Cables","Nuclear Battery","Pear","Molten Egg 2","PreservedInsect","Dream Catcher","Pen Nib","Mummified Hand","Bag of Preparation","Ornamental Fan","Bottled Flame"],"potions_floor_usage":[46,50,50],"damage_taken":[{"damage":0.0,"enemies":"Small Slimes","floor":1.0,"turns":2.0},{"damage":2.0,"enemies":"Jaw Worm","floor":5.0,"turns":3.0},{"damage":26.0,"enemies":"3 Sentries","floor":6.0,"turns":6.0},{"damage":9.0,"enemies":"The Mushroom Lair","floor":8.0,"turns":4.0},{"damage":11.0,"enemies":"Gremlin Nob","floor":11.0,"turns":3.0},{"damage":0.0,"enemies":"2 Louse","floor":12.0,"turns":2.0},{"damage":6.0,"enemies":"Lagavulin","floor":14.0,"turns":4.0},{"damage":11.0,"enemies":"Hexaghost","floor":16.0,"turns":6.0},{"damage":2.0,"enemies":"Shell Parasite","floor":18.0,"turns":3.0},{"damage":0.0,"enemies":"Masked Bandits","floor":20.0,"turns":3.0},{"damage":0.0,"enemies":"Chosen","floor":21.0,"turns":4.0},{"damage":27.0,"enemies":"Book of Stabbing","floor":24.0,"turns":5.0},{"damage":25.0,"enemies":"Gremlin Leader","floor":28.0,"turns":8.0},{"damage":0.0,"enemies":"Slavers","floor":30.0,"turns":5.0},{"damage":0.0,"enemies":"Centurion and Healer","floor":31.0,"turns":4.0},{"damage":38.0,"enemies":"Collector","floor":33.0,"turns":17.0},{"damage":0.0,"enemies":"3 Darklings","floor":35.0,"turns":3.0},{"damage":0.0,"enemies":"3 Shapes","floor":37.0,"turns":2.0},{"damage":0.0,"enemies":"Jaw Worm Horde","floor":38.0,"turns":3.0},{"damage":0.0,"enemies":"4 Shapes","floor":39.0,"turns":4.0},{"damage":4.0,"enemies":"Nemesis","floor":40.0,"turns":7.0},{"damage":1.0,"enemies":"Writhing Mass","floor":41.0,"turns":4.0},{"damage":0.0,"enemies":"Giant Head","floor":44.0,"turns":5.0},{"damage":5.0,"enemies":"Transient","floor":45.0,"turns":5.0},{"damage":3,"enemies":"Reptomancer","floor":46,"turns":6},{"damage":0,"enemies":"Sphere and 2 Shapes","floor":47,"turns":4},{"damage":0,"enemies":"Nemesis","floor":48,"turns":3},{"damage":0,"enemies":"Time Eater","floor":50,"turns":9}],"seed_played":"-7718326889949062112","potions_obtained":[{"floor":6.0,"key":"PotionOfCapacity"},{"floor":8.0,"key":"Energy Potion"},{"floor":11.0,"key":"Fire Potion"},{"floor":20.0,"key":"BlessingOfTheForge"},{"floor":24.0,"key":"FocusPotion"},{"floor":28.0,"key":"FearPotion"},{"floor":33.0,"key":"Weak Potion"},{"floor":39.0,"key":"LiquidMemories"},{"floor":48,"key":"LiquidBronze"}],"is_trial":false,"path_per_floor":["M","?","$","?","M","E","R","?","T","R","E","M","$","E","R","B",null,"M","$","?","M","?","R","E","R","T","$","E","R","E","M","R","B",null,"M","$","M","M","M","E","M","R","T","E","M","E","M","E","R","B",null],"character_chosen":"DEFECT","items_purchased":["Symbiotic Virus","Cold Snap","Anchor"],"campfire_rested":3,"item_purchase_floors":[3,13,19],"current_hp_per_floor":[64,64,64,64,62,36,36,27,27,48,37,37,37,31,31,20,58,56,56,56,56,56,56,29,50,50,65,40,61,61,61,61,23,59,59,71,71,71,71,77,76,76,76,76,71,68,68,68,68,68],"gold":282,"neow_bonus":"HUNDRED_GOLD","is_prod":false,"is_daily":false,"chose_seed":false,"campfire_upgraded":6,"win_rate":0,"timestamp":1612899300,"path_taken":["M","?","$","?","M","E","R","?","T","R","E","M","$","E","R","BOSS","M","$","?","M","?","R","E","R","T","$","E","R","E","M","R","BOSS","M","$","M","M","M","E","M","R","T","E","M","E","M","E","R","BOSS"],"build_version":"2020-12-22","purchased_purges":4,"victory":true,"max_hp_per_floor":[71,71,71,71,71,71,71,71,71,71,71,71,71,71,71,71,71,71,71,71,71,71,71,71,71,71,71,71,71,71,71,71,71,71,71,71,71,71,71,81,81,81,81,81,81,81,81,81,81,81],"card_choices":[{"not_picked":["Heatsinks","Gash"],"picked":"Conserve Battery","floor":1.0},{"not_picked":["Self Repair","Steam"],"picked":"Compile Driver","floor":5.0},{"not_picked":["Steam Power","Compile Driver"],"picked":"Steam","floor":6.0},{"not_picked":["Heatsinks","Coolheaded"],"picked":"Barrage","floor":8.0},{"not_picked":["Tempest","Barrage"],"picked":"Fission","floor":11.0},{"not_picked":["Steam","Gash","Compile Driver"],"picked":"SKIP","floor":12.0},{"not_picked":["Reboot","Rebound","Stack"],"picked":"SKIP","floor":14.0},{"not_picked":["Amplify","Meteor Strike"],"picked":"Seek","floor":16.0},{"not_picked":["Gash","Streamline+1"],"picked":"Leap","floor":18.0},{"not_picked":["BootSequence","Heatsinks"],"picked":"Reinforced Body+1","floor":21.0},{"not_picked":["Reinforced Body","Conserve Battery"],"picked":"Defragment+1","floor":24.0},{"not_picked":["Leap","Gash"],"picked":"Coolheaded","floor":28.0},{"not_picked":["Rebound","Heatsinks+1"],"picked":"Doom and Gloom","floor":30.0},{"not_picked":["Sunder","Force Field+1","Heatsinks+1"],"picked":"SKIP","floor":31.0},{"not_picked":["Meteor Strike","All For One"],"picked":"Multi-Cast","floor":33.0},{"not_picked":["Conserve Battery","Beam Cell+1"],"picked":"Cold Snap+1","floor":35.0},{"not_picked":["Storm+1","Turbo","Gash+1"],"picked":"SKIP","floor":37.0},{"not_picked":["Streamline+1","Beam Cell"],"picked":"Chill","floor":38.0},{"not_picked":["Sweeping Beam","Storm+1","Genetic Algorithm"],"picked":"SKIP","floor":39.0},{"not_picked":["Seek","Scrape+1"],"picked":"Compile Driver+1","floor":40.0},{"not_picked":["Steam+1","Rebound+1","Skim"],"picked":"SKIP","floor":41.0},{"not_picked":["Lockon+1","Compile Driver+1","Double Energy"],"picked":"SKIP","floor":44.0},{"not_picked":["Leap","Coolheaded+1"],"picked":"Go for the Eyes+1","floor":45},{"not_picked":["Melter+1","Compile Driver+1","Ball Lightning+1"],"picked":"SKIP","floor":46},{"not_picked":["Double Energy","Genetic Algorithm","Reinforced Body"],"picked":"SKIP","floor":47},{"not_picked":["Static Discharge+1","Reprogram+1"],"picked":"Defragment+1","floor":48}],"player_experience":4742551,"relics_obtained":[{"floor":6.0,"key":"Art of War"},{"floor":8.0,"key":"Odd Mushroom"},{"floor":9.0,"key":"Mercury Hourglass"},{"floor":11.0,"key":"Akabeko"},{"floor":14.0,"key":"Letter Opener"},{"floor":20.0,"key":"Red Mask"},{"floor":24.0,"key":"Frozen Egg 2"},{"floor":24.0,"key":"DataDisk"},{"floor":26.0,"key":"MealTicket"},{"floor":28.0,"key":"WingedGreaves"},{"floor":28.0,"key":"Kunai"},{"floor":30.0,"key":"Omamori"},{"floor":30.0,"key":"Cables"},{"floor":40.0,"key":"Pear"},{"floor":40.0,"key":"Molten Egg 2"},{"floor":43.0,"key":"PreservedInsect"},{"floor":44.0,"key":"Dream Catcher"},{"floor":44.0,"key":"Pen Nib"},{"floor":46,"key":"Mummified Hand"},{"floor":46,"key":"Bag of Preparation"},{"floor":48,"key":"Ornamental Fan"},{"floor":48,"key":"Bottled Flame"}],"event_choices":[{"damage_healed":0.0,"max_hp_gain":0.0,"max_hp_loss":0.0,"gold_gain":150.0,"event_name":"Liars Game","player_choice":"AGREE","floor":2.0,"gold_loss":0.0,"damage_taken":0.0,"cards_obtained":["Doubt"]},{"damage_healed":0.0,"max_hp_gain":0.0,"max_hp_loss":0.0,"gold_gain":0.0,"event_name":"Living Wall","player_choice":"Grow","floor":4.0,"gold_loss":0.0,"damage_taken":0.0,"cards_upgraded":["Zap"]},{"damage_healed":0.0,"max_hp_gain":0.0,"max_hp_loss":0.0,"gold_gain":0.0,"event_name":"Mushrooms","player_choice":"Fought Mushrooms","floor":8.0,"gold_loss":0.0,"damage_taken":0.0},{"damage_healed":0.0,"max_hp_gain":0.0,"max_hp_loss":0.0,"gold_gain":0.0,"event_name":"Masked Bandits","player_choice":"Fought Bandits","floor":20.0,"gold_loss":0.0,"damage_taken":0.0},{"damage_healed":0.0,"max_hp_gain":0.0,"max_hp_loss":0.0,"gold_gain":0.0,"event_name":"Cursed Tome","player_choice":"Ignored","floor":22.0,"gold_loss":0.0,"damage_taken":0.0}],"is_beta":false,"boss_relics":[{"not_picked":["Tiny House","Ectoplasm"],"picked":"Black Star"},{"not_picked":["Fusion Hammer","Busted Crown"],"picked":"Nuclear Battery"}],"items_purged_floors":[3,13,27,36],"is_endless":false,"potions_floor_spawned":[6,8,11,20,24,28,33,39,40,41,45,48],"ascension_level":15}