{"gold_per_floor":[19,19,36,54,72,72,137,148,172,172,187,187,201,233,233,312,312,332,347,397,138,158,193,193,193,245,245,261,287,137,171,171,258,258,274,254,191,204,223,255,255,297,324,324,349,349,18,30,30,30],"floor_reached":51,"playtime":2193,"items_purged":["Strike_B","Strike_B","Dualcast","Defend_B"],"score":1571,"play_id":"ff179b58-9e45-49b5-8c4d-933d85720f4c","local_time":"20210130210305","is_ascension_mode":true,"campfire_choices":[{"data":"Sunder","floor":6.0,"key":"SMITH"},{"data":"Barrage","floor":10,"key":"SMITH"},{"data":"Self Repair","floor":15,"key":"SMITH"},{"data":"Defragment","floor":24,"key":"SMITH"},{"data":"Turbo","floor":27,"key":"SMITH"},{"data":"Multi-Cast","floor":32,"key":"SMITH"},{"data":"Buffer","floor":41,"key":"SMITH"},{"data":"Biased Cognition","floor":46,"key":"SMITH"},{"data":"Rainbow","floor":49,"key":"SMITH"}],"neow_cost":"NO_GOLD","seed_source_timestamp":1426830830833100,"circlet_count":0,"master_deck":["AscendersBane","Defend_B+1","Defend_B+1","Defend_B","Zap+1","Sunder+1","Ball Lightning+1","Glacier","Barrage+1","Rainbow+1","Glacier","Self Repair+1","Genetic Algorithm","Biased Cognition+1","Turbo+1","Defragment+1","Leap+1","Multi-Cast+1","Buffer+1","Electrodynamics","Defragment+1"],"special_seed":0,"relics":["Cracked Core","Du-Vu Doll","Ancient Tea Set","Bronze Scales","Runic Pyramid","Membership Card","DataDisk","Strawberry","Omamori","Centennial Puzzle","ClockworkSouvenir","CeramicFish","Black Star","Oddly Smooth Stone","Pantograph","Toy Ornithopter","Bird Faced Urn","Whetstone","Frozen Egg 2","StrikeDummy","Calipers","Lantern"],"potions_floor_usage":[7,23,31,40,50],"damage_taken":[{"damage":0.0,"enemies":"2 Louse","floor":1.0,"turns":2.0},{"damage":0.0,"enemies":"Small Slimes","floor":3.0,"turns":2.0},{"damage":2.0,"enemies":"Jaw Worm","floor":4.0,"turns":3.0},{"damage":9.0,"enemies":"Red Slaver","floor":5.0,"turns":2.0},{"damage":10,"enemies":"3 Sentries","floor":7,"turns":5},{"damage":0,"enemies":"Exordium Wildlife","floor":8,"turns":3},{"damage":3,"enemies":"Gremlin Gang","floor":11,"turns":2},{"damage":0,"enemies":"Large Slime","floor":13,"turns":4},{"damage":10,"enemies":"Lagavulin","floor":14,"turns":6},{"damage":23,"enemies":"The Guardian","floor":16,"turns":12},{"damage":0,"enemies":"Shell Parasite","floor":18,"turns":5},{"damage":10,"enemies":"Chosen","floor":19,"turns":3},{"damage":9,"enemies":"Snake Plant","floor":22,"turns":4},{"damage":24,"enemies":"Book of Stabbing","floor":23,"turns":5},{"damage":0,"enemies":"Cultist and Chosen","floor":28,"turns":5},{"damage":4,"enemies":"Gremlin Leader","floor":29,"turns":7},{"damage":0,"enemies":"Slavers","floor":31,"turns":4},{"damage":30,"enemies":"Automaton","floor":33,"turns":7},{"damage":0,"enemies":"Orb Walker","floor":35,"turns":4},{"damage":0,"enemies":"3 Darklings","floor":38,"turns":6},{"damage":1,"enemies":"Spire Growth","floor":39,"turns":6},{"damage":46,"enemies":"Reptomancer","floor":40,"turns":10},{"damage":0,"enemies":"Giant Head","floor":42,"turns":8},{"damage":0,"enemies":"Reptomancer","floor":45,"turns":7},{"damage":0,"enemies":"4 Shapes","floor":48,"turns":1},{"damage":2,"enemies":"Time Eater","floor":50,"turns":9}],"seed_played":"7194393159848158978","potions_obtained":[{"floor":1.0,"key":"DistilledChaos"},{"floor":3.0,"key":"ColorlessPotion"},{"floor":11,"key":"GamblersBrew"},{"floor":16,"key":"Regen Potion"},{"floor":31,"key":"Regen Potion"}],"is_trial":false,"path_per_floor":["M","?","M","M","M","R","E","M","T","R","M","?","M","E","R","B",null,"M","M","?","$","M","E","R","?","T","R","M","E","$","E","R","B",null,"M","?","$","M","M","E","R","E","T","?","E","R","$","M","R","B",null],"character_chosen":"DEFECT","items_purchased":["Membership Card","DataDisk","ClockworkSouvenir","FocusPotion","Calipers","Defragment+1","Lantern"],"campfire_rested":0,"item_purchase_floors":[21,21,30,30,47,47,47],"current_hp_per_floor":[78,78,78,76,67,67,57,57,57,57,54,28,35,32,32,19,69,79,79,79,79,80,87,87,87,87,87,92,92,92,92,92,72,87,92,92,92,92,92,71,71,81,81,81,92,92,92,92,92,92],"gold":30,"neow_bonus":"TWENTY_PERCENT_HP_BONUS","is_prod":false,"is_daily":false,"chose_seed":false,"campfire_upgraded":9,"win_rate":0,"timestamp":1612069385,"path_taken":["M","?","M","M","M","R","E","M","T","R","M","?","M","E","R","BOSS","M","M","?","$","M","E","R","?","T","R","?","E","$","E","R","BOSS","M","?","$","M","?","E","R","E","T","?","E","R","$","M","R","BOSS"],"build_version":"2020-12-22","purchased_purges":4,"victory":true,"max_hp_per_floor":[85,85,85,85,85,85,85,85,85,85,85,85,85,85,85,85,85,85,85,85,85,85,92,92,92,92,92,92,92,92,92,92,92,92,92,92,92,92,92,92,92,92,92,92,92,92,92,92,92,92],"card_choices":[{"not_picked":["Steam","Conserve Battery"],"picked":"Sunder","floor":1.0},{"not_picked":["Capacitor","Hologram"],"picked":"Ball Lightning","floor":3.0},{"not_picked":["Reinforced Body","Redo"],"picked":"Glacier","floor":4.0},{"not_picked":["Rebound","Compile Driver"],"picked":"Barrage","floor":5.0},{"not_picked":["Compile Driver","Double Energy"],"picked":"Rainbow","floor":7},{"not_picked":["Hello World","Turbo"],"picked":"Glacier","floor":8},{"not_picked":["Chill","Rebound"],"picked":"Self Repair","floor":11},{"not_picked":["Tempest","Stack"],"picked":"Genetic Algorithm","floor":13},{"not_picked":["Coolheaded","White Noise"],"picked":"Biased Cognition","floor":14},{"not_picked":["Coolheaded","Doom and Gloom"],"picked":"Turbo","floor":18},{"not_picked":["Sunder","Undo","Turbo+1"],"picked":"SKIP","floor":19},{"not_picked":["Storm","Force Field+1"],"picked":"Defragment","floor":22},{"not_picked":["Compile Driver","Glacier","Steam"],"picked":"SKIP","floor":23},{"not_picked":["Steam","Fusion"],"picked":"Leap+1","floor":28},{"not_picked":["Static Discharge+1","BootSequence","Self Repair"],"picked":"SKIP","floor":29},{"not_picked":["Rebound","Double Energy"],"picked":"Multi-Cast","floor":31},{"not_picked":["Amplify","Echo Form"],"picked":"Buffer","floor":33},{"not_picked":["Steam","Conserve Battery","Stack+1"],"picked":"SKIP","floor":35},{"not_picked":["Static Discharge","Streamline","Gash"],"picked":"SKIP","floor":38},{"not_picked":["Stack","Turbo","Scrape"],"picked":"SKIP","floor":39},{"not_picked":["Reboot","Skim","Thunder Strike"],"picked":"SKIP","floor":40},{"not_picked":["Go for the Eyes","Beam Cell+1"],"picked":"Electrodynamics","floor":42},{"not_picked":["Storm+1","Ball Lightning","Steam+1"],"picked":"SKIP","floor":45},{"not_picked":["Gash+1","Aggregate","Go for the Eyes"],"picked":"SKIP","floor":48}],"player_experience":4725343,"relics_obtained":[{"floor":7,"key":"Du-Vu Doll"},{"floor":9,"key":"Ancient Tea Set"},{"floor":14,"key":"Bronze Scales"},{"floor":23,"key":"Strawberry"},{"floor":26,"key":"Omamori"},{"floor":29,"key":"Centennial Puzzle"},{"floor":31,"key":"CeramicFish"},{"floor":40,"key":"Oddly Smooth Stone"},{"floor":40,"key":"Pantograph"},{"floor":42,"key":"Toy Ornithopter"},{"floor":42,"key":"Bird Faced Urn"},{"floor":43,"key":"Whetstone"},{"floor":45,"key":"Frozen Egg 2"},{"floor":45,"key":"StrikeDummy"}],"event_choices":[{"damage_healed":0.0,"max_hp_gain":0.0,"max_hp_loss":0.0,"gold_gain":0.0,"event_name":"Living Wall","player_choice":"Grow","floor":2.0,"gold_loss":0.0,"damage_taken":0.0,"cards_upgraded":["Zap"]},{"damage_healed":0,"gold_gain":0,"player_choice":"Entered Light","damage_taken":26,"max_hp_gain":0,"max_hp_loss":0,"event_name":"Shining Light","floor":12,"gold_loss":0,"cards_upgraded":["Defend_B","Defend_B"]},{"damage_healed":0,"gold_gain":50,"player_choice":"Stole From Cult","damage_taken":0,"max_hp_gain":0,"max_hp_loss":0,"event_name":"Nest","floor":20,"gold_loss":0},{"cards_removed":["Strike_B"],"damage_healed":0,"gold_gain":0,"player_choice":"Offered Basic","damage_taken":0,"max_hp_gain":0,"max_hp_loss":0,"event_name":"Bonfire Elementals","floor":25,"gold_loss":0},{"damage_healed":0,"gold_gain":0,"player_choice":"Bought 1 Potion","damage_taken":0,"max_hp_gain":0,"max_hp_loss":0,"event_name":"The Woman in Blue","floor":36,"gold_loss":0},{"cards_removed":["Strike_B"],"damage_healed":0,"gold_gain":0,"player_choice":"Removed Attack","damage_taken":0,"max_hp_gain":0,"max_hp_loss":0,"event_name":"Falling","floor":44,"gold_loss":0}],"is_beta":false,"boss_relics":[{"not_picked":["Inserter","Pandora\u0027s Box"],"picked":"Runic Pyramid"},{"not_picked":["SlaversCollar","Busted Crown"],"picked":"Black Star"}],"items_purged_floors":[21,30,37,47],"is_endless":false,"potions_floor_spawned":[1,3,11,13,16,19,22,31,33,38,39],"ascension_level":15}