{"gold_per_floor":[114,134,145,157,157,188,188,200,223,223,281,281,7,47,47,133,133,155,6,6,24,34,69,69,21,30,46,46,96,124,140,140,223,282,309,329,329,0,25,56,56,77,77,97,106,128,67,93,93,93],"floor_reached":51,"playtime":2671,"items_purged":["Strike_B","Strike_B","Shame"],"score":1235,"play_id":"2d080116-3fda-48a9-85ac-4461a759afb4","local_time":"20210204114319","is_ascension_mode":true,"campfire_choices":[{"floor":7.0,"key":"REST"},{"data":"Zap","floor":10.0,"key":"SMITH"},{"floor":12.0,"key":"REST"},{"data":"Barrage","floor":15.0,"key":"SMITH"},{"data":"Doom and Gloom","floor":24.0,"key":"SMITH"},{"data":"Rainbow","floor":28.0,"key":"SMITH"},{"floor":32.0,"key":"REST"},{"floor":41.0,"key":"REST"},{"floor":49,"key":"REST"}],"neow_cost":"NONE","seed_source_timestamp":1824477714204600,"circlet_count":0,"master_deck":["AscendersBane","Strike_B+1","Defend_B","Defend_B","Defend_B","Zap+1","Dualcast","Cold Snap+1","Defragment+1","Ball Lightning","Capacitor","Lockon","Coolheaded","Barrage+1","Rainbow+1","Genetic Algorithm","Biased Cognition","Glacier","Glacier","Force Field","Doom and Gloom+1","Machine Learning","Self Repair","Capacitor+1","Leap+1","Blizzard","Compile Driver","Conserve Battery+1","Defragment+1","Recycle+1","Chill","Core Surge"],"special_seed":0,"relics":["Cracked Core","Potion Belt","Art of War","Lantern","Oddly Smooth Stone","CeramicFish","Cursed Key","Ancient Tea Set","Blue Candle","Letter Opener","Tiny House","Bag of Preparation","Question Card"],"potions_floor_usage":[44,44,44,44,50,50,50],"damage_taken":[{"damage":0.0,"enemies":"Cultist","floor":1.0,"turns":3.0},{"damage":0.0,"enemies":"Small Slimes","floor":2.0,"turns":2.0},{"damage":7.0,"enemies":"Jaw Worm","floor":3.0,"turns":3.0},{"damage":2.0,"enemies":"Large Slime","floor":4.0,"turns":5.0},{"damage":16.0,"enemies":"Gremlin Nob","floor":6.0,"turns":4.0},{"damage":6.0,"enemies":"Blue Slaver","floor":8.0,"turns":3.0},{"damage":8.0,"enemies":"Lagavulin Event","floor":11.0,"turns":5.0},{"damage":6.0,"enemies":"3 Sentries","floor":14.0,"turns":6.0},{"damage":8.0,"enemies":"Hexaghost","floor":16.0,"turns":8.0},{"damage":5.0,"enemies":"2 Thieves","floor":18.0,"turns":4.0},{"damage":0.0,"enemies":"Spheric Guardian","floor":22.0,"turns":3.0},{"damage":4.0,"enemies":"Book of Stabbing","floor":23.0,"turns":5.0},{"damage":1.0,"enemies":"Snecko","floor":27.0,"turns":7.0},{"damage":33.0,"enemies":"Gremlin Leader","floor":30.0,"turns":7.0},{"damage":13.0,"enemies":"Centurion and Healer","floor":31.0,"turns":6.0},{"damage":9.0,"enemies":"Collector","floor":33.0,"turns":13.0},{"damage":37.0,"enemies":"3 Shapes","floor":35.0,"turns":4.0},{"damage":0.0,"enemies":"Orb Walker","floor":36.0,"turns":3.0},{"damage":0.0,"enemies":"Writhing Mass","floor":39.0,"turns":8.0},{"damage":27.0,"enemies":"Nemesis","floor":40.0,"turns":7.0},{"damage":0.0,"enemies":"Spire Growth","floor":42.0,"turns":5.0},{"damage":2,"enemies":"Jaw Worm Horde","floor":44,"turns":5},{"damage":18,"enemies":"Writhing Mass","floor":46,"turns":7},{"damage":18,"enemies":"Sphere and 2 Shapes","floor":48,"turns":7},{"damage":24,"enemies":"Donu and Deca","floor":50,"turns":8}],"seed_played":"2482881537167323502","potions_obtained":[{"floor":2.0,"key":"Fire Potion"},{"floor":3.0,"key":"SpeedPotion"},{"floor":6.0,"key":"LiquidMemories"},{"floor":14.0,"key":"Block Potion"},{"floor":18.0,"key":"Dexterity Potion"},{"floor":33.0,"key":"AttackPotion"},{"floor":34.0,"key":"SpeedPotion"},{"floor":35.0,"key":"EntropicBrew"},{"floor":39.0,"key":"Ancient Potion"},{"floor":44,"key":"Strength Potion"},{"floor":48,"key":"Block Potion"}],"is_trial":false,"path_per_floor":["M","M","M","M","?","E","R","M","T","R","?","R","$","E","R","B",null,"M","$","?","?","M","E","R","$","T","M","R","?","E","M","R","B",null,"M","M","?","$","M","E","R","M","T","M","?","M","$","M","R","B",null],"character_chosen":"DEFECT","items_purchased":["Rainbow","Block Potion","FocusPotion","Energy Potion","Bag of Preparation","FocusPotion","Chill"],"campfire_rested":5,"item_purchase_floors":[13,13,19,25,38,38,47],"current_hp_per_floor":[64,64,57,55,34,18,39,33,33,33,25,46,46,40,40,32,61,56,56,56,56,56,52,52,52,52,51,51,51,18,5,26,17,63,33,33,33,33,40,20,42,49,49,54,54,43,43,32,54,30],"gold":93,"neow_bonus":"RANDOM_COMMON_RELIC","is_prod":false,"is_daily":false,"chose_seed":false,"campfire_upgraded":4,"win_rate":0,"timestamp":1612467799,"path_taken":["M","M","?","M","?","E","R","M","T","R","?","R","$","E","R","BOSS","M","$","?","?","M","E","R","$","T","M","R","?","E","M","R","BOSS","M","M","?","$","M","E","R","M","T","M","?","?","$","M","R","BOSS"],"build_version":"2020-12-22","purchased_purges":3,"victory":true,"max_hp_per_floor":[71,71,71,71,71,71,71,71,71,71,71,71,71,71,71,71,71,71,71,71,71,71,71,71,71,71,71,71,71,71,71,71,71,76,76,76,76,76,76,76,76,76,76,76,76,76,76,76,76,76],"card_choices":[{"not_picked":["Steam","Melter"],"picked":"Cold Snap","floor":1.0},{"not_picked":["Compile Driver","Coolheaded"],"picked":"Defragment","floor":2.0},{"not_picked":["Beam Cell","Conserve Battery"],"picked":"Ball Lightning","floor":3.0},{"not_picked":["Aggregate","Recycle"],"picked":"Capacitor","floor":4.0},{"not_picked":["Aggregate","Creative AI"],"picked":"Lockon","floor":6.0},{"not_picked":["Rebound","Gash"],"picked":"Coolheaded","floor":8.0},{"not_picked":["Compile Driver","Melter"],"picked":"Barrage","floor":11.0},{"not_picked":["Coolheaded","Streamline"],"picked":"Genetic Algorithm","floor":14.0},{"not_picked":["Fission","Seek"],"picked":"Biased Cognition","floor":16.0},{"not_picked":["Rebound","Compile Driver"],"picked":"Glacier","floor":18.0},{"not_picked":["Force Field+1","Hologram","BootSequence"],"picked":"SKIP","floor":22.0},{"not_picked":["Blizzard","Darkness"],"picked":"Doom and Gloom","floor":23.0},{"not_picked":["Storm","Auto Shields","Hologram"],"picked":"SKIP","floor":27.0},{"not_picked":["Cold Snap","Tempest","Redo"],"picked":"SKIP","floor":30.0},{"not_picked":["Rip and Tear","Stack","Leap"],"picked":"SKIP","floor":31.0},{"not_picked":["Creative AI","Biased Cognition"],"picked":"Machine Learning","floor":33.0},{"not_picked":["Redo","Gash"],"picked":"Self Repair","floor":34.0},{"not_picked":["Coolheaded","Force Field"],"picked":"Capacitor+1","floor":35.0},{"not_picked":["Gash","Sweeping Beam+1"],"picked":"Leap+1","floor":36.0},{"not_picked":["Leap","Go for the Eyes"],"picked":"Blizzard","floor":39.0},{"not_picked":["Reprogram","Rebound","Steam+1"],"picked":"SKIP","floor":40.0},{"not_picked":["Leap","Conserve Battery+1","Glacier"],"picked":"Compile Driver","floor":42.0},{"not_picked":["Steam","Hologram","Leap"],"picked":"Conserve Battery+1","floor":44},{"not_picked":["Genetic Algorithm+1","Sweeping Beam+1","Streamline"],"picked":"Recycle+1","floor":46},{"not_picked":["Redo","Steam Power","Chill"],"picked":"Core Surge","floor":48}],"player_experience":4734790,"relics_obtained":[{"floor":6.0,"key":"Art of War"},{"floor":9.0,"key":"Lantern"},{"floor":11.0,"key":"Oddly Smooth Stone"},{"floor":14.0,"key":"CeramicFish"},{"floor":23.0,"key":"Ancient Tea Set"},{"floor":26.0,"key":"Blue Candle"},{"floor":30.0,"key":"Letter Opener"},{"floor":40.0,"key":"Question Card"}],"event_choices":[{"damage_healed":0.0,"max_hp_gain":0.0,"max_hp_loss":0.0,"gold_gain":0.0,"event_name":"Shining Light","player_choice":"Entered Light","floor":5.0,"gold_loss":0.0,"damage_taken":21.0,"cards_upgraded":["Defragment","Strike_B"]},{"damage_healed":0.0,"max_hp_gain":0.0,"max_hp_loss":0.0,"gold_gain":0.0,"event_name":"Dead Adventurer","player_choice":"Searched \u00271\u0027 times","floor":11.0,"gold_loss":0.0,"damage_taken":0.0},{"damage_healed":0.0,"max_hp_gain":0.0,"max_hp_loss":0.0,"gold_gain":0.0,"event_name":"Cursed Tome","player_choice":"Ignored","floor":20.0,"gold_loss":0.0,"damage_taken":0.0},{"damage_healed":0.0,"max_hp_gain":0.0,"max_hp_loss":0.0,"gold_gain":0.0,"cards_transformed":["Strike_B","Defend_B"],"event_name":"Drug Dealer","player_choice":"Became Test Subject","floor":21.0,"gold_loss":0.0,"damage_taken":0.0,"cards_obtained":["Glacier","Force Field"]},{"damage_healed":0.0,"max_hp_gain":0.0,"max_hp_loss":0.0,"gold_gain":50.0,"event_name":"Nest","player_choice":"Stole From Cult","floor":29.0,"gold_loss":0.0,"damage_taken":0.0},{"damage_healed":0.0,"max_hp_gain":0.0,"max_hp_loss":0.0,"gold_gain":0.0,"event_name":"SensoryStone","player_choice":"Memory 1","floor":37.0,"gold_loss":0.0,"damage_taken":0.0},{"damage_healed":0,"gold_gain":0,"player_choice":"Copied","damage_taken":0,"max_hp_gain":0,"max_hp_loss":0,"event_name":"Duplicator","floor":45,"gold_loss":0,"cards_obtained":["Defragment"]}],"is_beta":false,"boss_relics":[{"not_picked":["SacredBark","Velvet Choker"],"picked":"Cursed Key"},{"not_picked":["Philosopher\u0027s Stone","Busted Crown"],"picked":"Tiny House"}],"items_purged_floors":[13,19,38],"is_endless":false,"potions_floor_spawned":[2,3,6,14,18,27,33,35,39,44,48],"ascension_level":15}