{"gold_per_floor":[117,117,132,132,97,126,143,28,55,55,105,123,151,167,167,242,242,259,275,325,225,150,150,179,179,179,190,202,202,102,115,115,194,194,206,221,20,0,11,11,41,41,41,41,41,75,13,26,26,26],"floor_reached":51,"playtime":1780,"items_purged":["Strike_B","Strike_B","Doubt","Strike_B"],"score":1270,"play_id":"f7a42891-5558-4d78-b7f9-4bf632ea08e0","local_time":"20210220191535","is_ascension_mode":true,"campfire_choices":[{"data":"Doom and Gloom","floor":10.0,"key":"SMITH"},{"floor":15.0,"key":"REST"},{"data":"Defragment","floor":23.0,"key":"SMITH"},{"data":"Rainbow","floor":25.0,"key":"SMITH"},{"data":"Capacitor","floor":29.0,"key":"SMITH"},{"data":"Barrage","floor":32.0,"key":"SMITH"},{"data":"Self Repair","floor":40.0,"key":"SMITH"},{"floor":42.0,"key":"REST"},{"floor":45,"key":"REST"},{"data":"Electrodynamics","floor":49,"key":"SMITH"}],"neow_cost":"PERCENT_DAMAGE","seed_source_timestamp":816323295925600,"circlet_count":0,"master_deck":["AscendersBane","Strike_B","Defend_B","Defend_B","Defend_B","Defend_B","Zap","Dualcast","Reinforced Body","Self Repair+1","Compile Driver","Defragment+1","Doom and Gloom+1","Rainbow+1","Cold Snap","Compile Driver","Core Surge","Steam+1","Capacitor+1","Chill","Barrage+1","Echo Form","Darkness+1","Undo+1","Ball Lightning+1","Electrodynamics+1","Defragment+1"],"special_seed":0,"relics":["Cracked Core","MealTicket","Bag of Preparation","HornCleat","Cursed Key","Bronze Scales","Calipers","The Courier","Inserter","Membership Card","Red Mask","Boot","Omamori","DollysMirror"],"potions_floor_usage":[50],"damage_taken":[{"damage":10.0,"enemies":"Small Slimes","floor":1.0,"turns":3.0},{"damage":1.0,"enemies":"2 Louse","floor":3.0,"turns":3.0},{"damage":62.0,"enemies":"3 Sentries","floor":6.0,"turns":11.0},{"damage":0.0,"enemies":"Cultist","floor":7.0,"turns":4.0},{"damage":11.0,"enemies":"Exordium Thugs","floor":12.0,"turns":4.0},{"damage":32.0,"enemies":"Gremlin Nob","floor":13.0,"turns":4.0},{"damage":0.0,"enemies":"3 Louse","floor":14.0,"turns":3.0},{"damage":23.0,"enemies":"Slime Boss","floor":16.0,"turns":5.0},{"damage":9.0,"enemies":"Chosen","floor":18.0,"turns":4.0},{"damage":0.0,"enemies":"Spheric Guardian","floor":19.0,"turns":3.0},{"damage":8.0,"enemies":"Book of Stabbing","floor":24.0,"turns":5.0},{"damage":21.0,"enemies":"3 Cultists","floor":27.0,"turns":6.0},{"damage":4.0,"enemies":"Centurion and Healer","floor":28.0,"turns":7.0},{"damage":0.0,"enemies":"Cultist and Chosen","floor":31.0,"turns":6.0},{"damage":25.0,"enemies":"Collector","floor":33.0,"turns":9.0},{"damage":1.0,"enemies":"3 Shapes","floor":35.0,"turns":8.0},{"damage":36.0,"enemies":"3 Darklings","floor":36.0,"turns":6.0},{"damage":15.0,"enemies":"Transient","floor":39.0,"turns":5.0},{"damage":48.0,"enemies":"Giant Head","floor":41.0,"turns":10.0},{"damage":10,"enemies":"Reptomancer","floor":46,"turns":7},{"damage":13,"enemies":"4 Shapes","floor":48,"turns":3},{"damage":62,"enemies":"Donu and Deca","floor":50,"turns":6}],"seed_played":"-3345891838187917104","potions_obtained":[{"floor":1.0,"key":"ColorlessPotion"},{"floor":6.0,"key":"Swift Potion"},{"floor":7.0,"key":"Fruit Juice"},{"floor":16.0,"key":"Block Potion"},{"floor":18.0,"key":"Explosive Potion"},{"floor":24.0,"key":"EssenceOfSteel"},{"floor":28.0,"key":"PowerPotion"},{"floor":35.0,"key":"Swift Potion"},{"floor":48,"key":"EssenceOfSteel"}],"is_trial":false,"path_per_floor":["M","?","M","?","?","E","M","$","T","R","?","M","E","M","R","B",null,"M","M","?","$","?","R","E","R","T","M","M","R","$","M","R","B",null,"M","M","$","?","M","R","E","R","T","T","R","E","$","M","R","B",null],"character_chosen":"DEFECT","items_purchased":["Doom and Gloom","Membership Card","DollysMirror"],"campfire_rested":3,"item_purchase_floors":[8,37,47],"current_hp_per_floor":[50,50,49,49,70,15,22,37,37,37,37,33,8,15,40,24,70,73,80,80,90,90,90,89,89,89,75,78,78,90,90,90,72,86,90,54,69,69,61,61,33,60,60,60,87,90,90,87,87,35],"gold":26,"neow_bonus":"TWENTY_PERCENT_HP_BONUS","is_prod":false,"is_daily":false,"chose_seed":false,"campfire_upgraded":7,"win_rate":0,"timestamp":1613877335,"path_taken":["M","?","M","?","?","E","M","$","T","R","?","?","E","M","R","BOSS","M","M","?","$","?","R","E","R","T","M","?","R","$","M","R","BOSS","M","M","$","?","M","R","E","R","T","?","R","E","$","?","R","BOSS"],"build_version":"2020-12-22","purchased_purges":4,"victory":true,"max_hp_per_floor":[85,85,85,85,85,85,85,85,85,85,85,85,85,85,85,85,85,90,90,90,90,90,90,90,90,90,90,90,90,90,90,90,90,90,90,90,90,90,90,90,90,90,90,90,90,90,90,90,90,90],"card_choices":[{"not_picked":["Scrape","Beam Cell"],"picked":"Reinforced Body","floor":1.0},{"not_picked":["Chaos","FTL"],"picked":"Self Repair","floor":3.0},{"not_picked":["Hologram","Go for the Eyes"],"picked":"Compile Driver","floor":6.0},{"not_picked":["Streamline","Rebound"],"picked":"Defragment","floor":7.0},{"not_picked":["Coolheaded","Recycle"],"picked":"Rainbow","floor":12.0},{"not_picked":["Aggregate","Leap"],"picked":"Cold Snap","floor":13.0},{"not_picked":["Steam","Redo"],"picked":"Compile Driver","floor":14.0},{"not_picked":["Rainbow","Buffer"],"picked":"Core Surge","floor":16.0},{"not_picked":["Auto Shields","Cold Snap"],"picked":"Steam+1","floor":18.0},{"not_picked":["Gash","Conserve Battery","Steam"],"picked":"SKIP","floor":19.0},{"not_picked":["Gash","Conserve Battery","Steam"],"picked":"SKIP","floor":19.0},{"not_picked":["FTL","Gash"],"picked":"Capacitor","floor":24.0},{"not_picked":["Double Energy","Hologram"],"picked":"Chill","floor":27.0},{"not_picked":["Steam Power","Turbo"],"picked":"Barrage","floor":28.0},{"not_picked":["Barrage","Reprogram","Doom and Gloom"],"picked":"SKIP","floor":31.0},{"not_picked":["Seek","Hyperbeam"],"picked":"Echo Form","floor":33.0},{"not_picked":["Streamline+1","FTL"],"picked":"Darkness+1","floor":35.0},{"not_picked":["Ball Lightning","Sunder+1"],"picked":"Undo+1","floor":36.0},{"not_picked":["Turbo","Sweeping Beam+1"],"picked":"Ball Lightning+1","floor":39.0},{"not_picked":["Hello World","Blizzard"],"picked":"Electrodynamics","floor":41.0},{"not_picked":["Conserve Battery","Heatsinks","Cold Snap+1"],"picked":"SKIP","floor":46},{"not_picked":["Tempest","Coolheaded","Loop"],"picked":"SKIP","floor":48}],"player_experience":4762139,"relics_obtained":[{"floor":6.0,"key":"MealTicket"},{"floor":9.0,"key":"Bag of Preparation"},{"floor":13.0,"key":"HornCleat"},{"floor":24.0,"key":"Calipers"},{"floor":26.0,"key":"The Courier"},{"floor":41.0,"key":"Boot"},{"floor":46,"key":"Omamori"}],"event_choices":[{"damage_healed":0.0,"max_hp_gain":0.0,"max_hp_loss":0.0,"gold_gain":0.0,"event_name":"Golden Wing","player_choice":"Ignored","floor":2.0,"gold_loss":0.0,"damage_taken":0.0},{"damage_healed":0.0,"max_hp_gain":0.0,"max_hp_loss":0.0,"gold_gain":0.0,"event_name":"Liars Game","player_choice":"Ignored","floor":4.0,"gold_loss":0.0,"damage_taken":0.0},{"damage_healed":21.0,"max_hp_gain":0.0,"max_hp_loss":0.0,"gold_gain":0.0,"event_name":"The Cleric","player_choice":"Healed","floor":5.0,"gold_loss":35.0,"damage_taken":0.0},{"damage_healed":0.0,"max_hp_gain":0.0,"max_hp_loss":0.0,"gold_gain":50.0,"event_name":"Golden Shrine","player_choice":"Pray","floor":11.0,"gold_loss":0.0,"damage_taken":0.0},{"damage_healed":0.0,"max_hp_gain":0.0,"max_hp_loss":0.0,"gold_gain":50.0,"event_name":"Nest","player_choice":"Stole From Cult","floor":20.0,"gold_loss":0.0,"damage_taken":0.0},{"damage_healed":0.0,"max_hp_gain":0.0,"max_hp_loss":0.0,"gold_gain":0.0,"event_name":"WeMeetAgain","player_choice":"Paid Gold","floor":22.0,"gold_loss":75.0,"damage_taken":0.0,"relics_obtained":["Bronze Scales"]},{"damage_healed":0.0,"max_hp_gain":0.0,"max_hp_loss":0.0,"gold_gain":0.0,"event_name":"Tomb of Lord Red Mask","player_choice":"Paid","floor":38.0,"gold_loss":20.0,"damage_taken":0.0,"relics_obtained":["Red Mask"]}],"is_beta":false,"boss_relics":[{"not_picked":["Tiny House","FrozenCore"],"picked":"Cursed Key"},{"not_picked":["Velvet Choker","Busted Crown"],"picked":"Inserter"}],"items_purged_floors":[8,21,30,37],"is_endless":false,"potions_floor_spawned":[1,6,7,16,18,19,24,28,35,48],"ascension_level":15}