{"gold_per_floor":[19,19,29,46,59,59,59,59,59,59,69,98,116,144,144,221,221,241,259,36,49,64,64,81,81,81,116,15,33,33,33,33,130,130,148,148,148,166,1165,1165,1180,43,66,66,66,66,77,94,94,94],"floor_reached":51,"playtime":2176,"items_purged":["Strike_B","Normality"],"score":1176,"play_id":"f35d677b-3fa9-4eda-aa5d-d0dd8d0a1545","local_time":"20210401215144","is_ascension_mode":true,"campfire_choices":[{"data":"Zap","floor":6.0,"key":"SMITH"},{"data":"Sweeping Beam","floor":8.0,"key":"SMITH"},{"data":"Biased Cognition","floor":15.0,"key":"SMITH"},{"data":"Fission","floor":23.0,"key":"SMITH"},{"floor":25.0,"key":"REST"},{"floor":32.0,"key":"REST"},{"data":"Barrage","floor":40.0,"key":"SMITH"},{"floor":44,"key":"REST"},{"data":"Defragment","floor":46,"key":"SMITH"},{"floor":49,"key":"REST"}],"neow_cost":"NO_GOLD","seed_source_timestamp":771506084341200,"circlet_count":0,"master_deck":["AscendersBane","Defend_B+1","Defend_B","Defend_B","Zap+1","Dualcast+1","Core Surge","Cold Snap","Capacitor","Sweeping Beam+1","Ball Lightning+1","Coolheaded","Undo","Biased Cognition+1","Fission+1","Undo","Defragment+1","Darkness","Consume","Hologram+1","Static Discharge","Reprogram","Compile Driver+1","Barrage+1","Turbo+1","Doom and Gloom","Defragment+1"],"special_seed":0,"relics":["Cracked Core","War Paint","White Beast Statue","Bottled Tornado","SacredBark","Runic Capacitor","The Courier","Omamori","Nuclear Battery","OrangePellets","Toxic Egg 2","DataDisk","PreservedInsect","Cables","Happy Flower","Centennial Puzzle","Anchor","Pear"],"potions_floor_usage":[41,47,48,50,50],"damage_taken":[{"damage":0.0,"enemies":"2 Louse","floor":1.0,"turns":1.0},{"damage":0.0,"enemies":"Cultist","floor":3.0,"turns":3.0},{"damage":2.0,"enemies":"Small Slimes","floor":4.0,"turns":4.0},{"damage":9.0,"enemies":"Exordium Thugs","floor":5.0,"turns":5.0},{"damage":5.0,"enemies":"Blue Slaver","floor":11.0,"turns":3.0},{"damage":12.0,"enemies":"3 Sentries","floor":12.0,"turns":6.0},{"damage":0.0,"enemies":"Exordium Wildlife","floor":13.0,"turns":2.0},{"damage":27.0,"enemies":"Gremlin Nob","floor":14.0,"turns":4.0},{"damage":3.0,"enemies":"The Guardian","floor":16.0,"turns":9.0},{"damage":6.0,"enemies":"Spheric Guardian","floor":18.0,"turns":3.0},{"damage":0.0,"enemies":"Shell Parasite","floor":19.0,"turns":7.0},{"damage":7.0,"enemies":"Shelled Parasite and Fungi","floor":21.0,"turns":7.0},{"damage":2.0,"enemies":"Chosen and Byrds","floor":22.0,"turns":6.0},{"damage":15.0,"enemies":"Snake Plant","floor":24.0,"turns":5.0},{"damage":21.0,"enemies":"Slavers","floor":27.0,"turns":6.0},{"damage":16.0,"enemies":"3 Cultists","floor":29.0,"turns":5.0},{"damage":26.0,"enemies":"Collector","floor":33.0,"turns":8.0},{"damage":23.0,"enemies":"3 Darklings","floor":35.0,"turns":7.0},{"damage":3.0,"enemies":"Orb Walker","floor":38.0,"turns":4.0},{"damage":7,"enemies":"Sphere and 2 Shapes","floor":41,"turns":4},{"damage":0,"enemies":"Jaw Worm Horde","floor":47,"turns":2},{"damage":22,"enemies":"3 Darklings","floor":48,"turns":5},{"damage":4,"enemies":"Donu and Deca","floor":50,"turns":7}],"seed_played":"-1072357508223476751","potions_obtained":[{"floor":3.0,"key":"Block Potion"},{"floor":4.0,"key":"Regen Potion"},{"floor":5.0,"key":"SteroidPotion"},{"floor":13.0,"key":"Strength Potion"},{"floor":14.0,"key":"Energy Potion"},{"floor":16.0,"key":"Strength Potion"},{"floor":18.0,"key":"Fire Potion"},{"floor":19.0,"key":"ColorlessPotion"},{"floor":21.0,"key":"Swift Potion"},{"floor":22.0,"key":"Energy Potion"},{"floor":24.0,"key":"Ancient Potion"},{"floor":27.0,"key":"CultistPotion"},{"floor":29.0,"key":"ColorlessPotion"},{"floor":33.0,"key":"Fire Potion"},{"floor":35.0,"key":"FocusPotion"},{"floor":38.0,"key":"AttackPotion"},{"floor":41,"key":"AttackPotion"},{"floor":47,"key":"FocusPotion"},{"floor":48,"key":"Swift Potion"}],"is_trial":false,"path_per_floor":["M","?","M","M","M","R","?","R","T","?","M","E","M","E","R","B",null,"M","M","$","M","M","R","M","R","T","E","$","M","?","?","R","B",null,"M","?","?","M","?","R","M","$","T","R","T","R","M","M","R","B",null],"character_chosen":"DEFECT","items_purchased":["Defragment","Runic Capacitor","Explosive Potion","OrangePellets","Toxic Egg 2","DataDisk","PreservedInsect","Cables","Happy Flower","Centennial Puzzle","Turbo+1","Doom and Gloom"],"campfire_rested":4,"item_purchase_floors":[20,20,28,42,42,42,42,42,42,42,42,42],"current_hp_per_floor":[64,64,64,62,53,53,46,46,46,46,41,44,44,17,17,14,57,51,51,51,44,42,42,27,48,48,27,27,11,11,25,46,20,58,35,49,49,46,46,46,39,39,39,60,70,70,70,48,72,68],"gold":94,"neow_bonus":"THREE_RARE_CARDS","is_prod":false,"is_daily":false,"chose_seed":false,"campfire_upgraded":6,"win_rate":0,"timestamp":1617339104,"path_taken":["M","?","M","?","M","R","?","R","T","?","M","E","?","E","R","BOSS","M","M","$","M","M","R","M","R","T","E","$","M","?","?","R","BOSS","M","?","?","?","?","R","M","$","T","R","?","R","M","M","R","BOSS"],"build_version":"2020-12-22","purchased_purges":2,"victory":true,"max_hp_per_floor":[71,71,71,71,71,71,71,71,71,71,71,71,71,71,71,71,71,71,71,71,71,71,71,71,71,71,71,71,71,71,71,71,71,71,71,71,71,71,71,71,71,71,71,71,81,81,81,81,81,81],"card_choices":[{"not_picked":["Meteor Strike","Rainbow"],"picked":"Core Surge","floor":0.0},{"not_picked":["Coolheaded","Fusion"],"picked":"Cold Snap","floor":1.0},{"not_picked":["Fusion","Scrape"],"picked":"Capacitor","floor":3.0},{"not_picked":["Gash","Reprogram"],"picked":"Sweeping Beam","floor":4.0},{"not_picked":["Steam","Genetic Algorithm"],"picked":"Ball Lightning","floor":5.0},{"not_picked":["Sweeping Beam","Streamline"],"picked":"Coolheaded","floor":11.0},{"not_picked":["Streamline","Tempest"],"picked":"Undo","floor":12.0},{"not_picked":["Beam Cell","Stack","Scrape"],"picked":"SKIP","floor":13.0},{"not_picked":["Leap","Glacier"],"picked":"Biased Cognition","floor":14.0},{"not_picked":["Meteor Strike","Amplify"],"picked":"Fission","floor":16.0},{"not_picked":["Steam Power","Sunder"],"picked":"Undo","floor":18.0},{"not_picked":["Compile Driver","Hello World","Beam Cell"],"picked":"SKIP","floor":19.0},{"not_picked":["Darkness","Sunder","Loop"],"picked":"SKIP","floor":21.0},{"not_picked":["Sunder","Loop"],"picked":"Darkness","floor":21.0},{"not_picked":["Capacitor","Rip and Tear","Reprogram"],"picked":"SKIP","floor":22.0},{"not_picked":["Streamline","Hologram","Biased Cognition"],"picked":"SKIP","floor":24.0},{"not_picked":["Steam Power","Streamline"],"picked":"Consume","floor":27.0},{"not_picked":["Sunder","Turbo"],"picked":"Hologram+1","floor":29.0},{"not_picked":["Auto Shields","Tempest"],"picked":"Compile Driver+1","floor":35.0},{"not_picked":["Tempest","Streamline"],"picked":"Barrage","floor":38.0},{"not_picked":["Scrape","Steam Power","Chaos"],"picked":"SKIP","floor":41},{"not_picked":["Static Discharge","Redo+1"],"picked":"Defragment+1","floor":47},{"not_picked":["Beam Cell","Rebound","Barrage"],"picked":"SKIP","floor":48}],"player_experience":4780362,"relics_obtained":[{"floor":9.0,"key":"War Paint"},{"floor":12.0,"key":"White Beast Statue"},{"floor":14.0,"key":"Bottled Tornado"},{"floor":26.0,"key":"The Courier"},{"floor":27.0,"key":"Omamori"},{"floor":43,"key":"Anchor"},{"floor":45,"key":"Pear"}],"event_choices":[{"cards_removed":["Strike_B"],"damage_healed":0.0,"max_hp_gain":0.0,"max_hp_loss":0.0,"gold_gain":0.0,"event_name":"Bonfire Elementals","player_choice":"Offered Basic","floor":2.0,"gold_loss":0.0,"damage_taken":0.0},{"cards_removed":["Strike_B"],"damage_healed":0.0,"max_hp_gain":0.0,"max_hp_loss":0.0,"gold_gain":0.0,"event_name":"Golden Wing","player_choice":"Card Removal","floor":7.0,"gold_loss":0.0,"damage_taken":7.0},{"damage_healed":0.0,"max_hp_gain":0.0,"max_hp_loss":0.0,"gold_gain":0.0,"event_name":"Upgrade Shrine","player_choice":"Upgraded","floor":10.0,"gold_loss":0.0,"damage_taken":0.0,"cards_upgraded":["Ball Lightning"]},{"damage_healed":0.0,"max_hp_gain":0.0,"max_hp_loss":0.0,"gold_gain":0.0,"cards_transformed":["Strike_B","Defend_B"],"event_name":"Drug Dealer","player_choice":"Became Test Subject","floor":30.0,"gold_loss":0.0,"damage_taken":0.0,"cards_obtained":["Static Discharge","Reprogram"]},{"damage_healed":14.0,"max_hp_gain":0.0,"max_hp_loss":0.0,"gold_gain":0.0,"event_name":"The Library","player_choice":"Heal","floor":31.0,"gold_loss":0.0,"damage_taken":0.0},{"damage_healed":14.0,"max_hp_gain":0.0,"max_hp_loss":0.0,"gold_gain":0.0,"event_name":"Winding Halls","player_choice":"Writhe","floor":36.0,"gold_loss":0.0,"damage_taken":0.0,"cards_obtained":["Writhe"]},{"damage_healed":0.0,"max_hp_gain":0.0,"max_hp_loss":0.0,"gold_gain":0.0,"event_name":"SecretPortal","player_choice":"Ignored","floor":37.0,"gold_loss":0.0,"damage_taken":0.0},{"damage_healed":0.0,"max_hp_gain":0.0,"max_hp_loss":0.0,"gold_gain":999.0,"event_name":"MindBloom","player_choice":"Gold","floor":39.0,"gold_loss":0.0,"damage_taken":0.0,"cards_obtained":["Normality","Normality"]}],"is_beta":false,"boss_relics":[{"not_picked":["Tiny House","Pandora\u0027s Box"],"picked":"SacredBark"},{"not_picked":["Philosopher\u0027s Stone","Snecko Eye"],"picked":"Nuclear Battery"}],"items_purged_floors":[28,42],"is_endless":false,"potions_floor_spawned":[3,4,5,13,14,16,18,19,21,22,24,27,29,33,35,38,41,47,48],"ascension_level":15}