{"gold_per_floor":[211,225,236,236,236,236,262,133,133,33,44,44,69,86,86,163,163,173,191,201,218,218,248,103,103,180,34,66,66,66,98,98,176,176,192,203,1,16,27,27,58,58,58,58,58,83,100,125,125,125],"floor_reached":51,"playtime":1803,"items_purged":["Strike_B","Strike_B","Pain"],"score":1412,"play_id":"39123b88-553e-4479-bf16-192670729d82","local_time":"20210404185703","is_ascension_mode":true,"campfire_choices":[{"data":"Zap","floor":6.0,"key":"SMITH"},{"data":"Barrage","floor":15.0,"key":"SMITH"},{"data":"Electrodynamics","floor":25.0,"key":"SMITH"},{"data":"Capacitor","floor":30.0,"key":"SMITH"},{"data":"Go for the Eyes","floor":32.0,"key":"SMITH"},{"data":"Loop","floor":40.0,"key":"SMITH"},{"data":"Coolheaded","floor":42.0,"key":"SMITH"},{"data":"Buffer","floor":49,"key":"SMITH"}],"neow_cost":"NONE","seed_source_timestamp":1020664366339300,"circlet_count":0,"master_deck":["AscendersBane","Strike_B+1","Defend_B+1","Defend_B","Defend_B","Defend_B","Zap+1","Dualcast+1","Conserve Battery+1","Doom and Gloom+1","Chill","Go for the Eyes+1","Ball Lightning","Barrage+1","Electrodynamics+1","Chill","Rainbow","Glacier","Biased Cognition+1","Turbo+1","Capacitor+1","Self Repair","Machine Learning","Core Surge+1","Coolheaded+1","Undo","Loop+1","Multi-Cast","Glacier","Buffer+1"],"special_seed":0,"relics":["Cracked Core","Pantograph","Meat on the Bone","War Paint","Cursed Key","Symbiotic Virus","Orrery","Question Card","OrangePellets","Singing Bowl","Molten Egg 2","Nuclear Battery","Gambling Chip","Centennial Puzzle","Omamori"],"potions_floor_usage":[46,48,50,50],"damage_taken":[{"damage":1.0,"enemies":"2 Louse","floor":1.0,"turns":3.0},{"damage":3.0,"enemies":"Small Slimes","floor":2.0,"turns":4.0},{"damage":2.0,"enemies":"Jaw Worm","floor":3.0,"turns":4.0},{"damage":11.0,"enemies":"Lagavulin","floor":7.0,"turns":6.0},{"damage":8.0,"enemies":"Large Slime","floor":11.0,"turns":4.0},{"damage":3.0,"enemies":"3 Sentries","floor":13.0,"turns":4.0},{"damage":5.0,"enemies":"Gremlin Gang","floor":14.0,"turns":2.0},{"damage":14.0,"enemies":"Hexaghost","floor":16.0,"turns":7.0},{"damage":5.0,"enemies":"2 Thieves","floor":18.0,"turns":3.0},{"damage":0.0,"enemies":"3 Byrds","floor":19.0,"turns":2.0},{"damage":0.0,"enemies":"3 Cultists","floor":20.0,"turns":3.0},{"damage":17.0,"enemies":"Shelled Parasite and Fungi","floor":21.0,"turns":5.0},{"damage":15.0,"enemies":"Slavers","floor":23.0,"turns":3.0},{"damage":21.0,"enemies":"Gremlin Leader","floor":28.0,"turns":5.0},{"damage":19.0,"enemies":"Slavers","floor":31.0,"turns":5.0},{"damage":27.0,"enemies":"Champ","floor":33.0,"turns":16.0},{"damage":18.0,"enemies":"3 Darklings","floor":35.0,"turns":3.0},{"damage":11.0,"enemies":"Orb Walker","floor":36.0,"turns":3.0},{"damage":13.0,"enemies":"4 Shapes","floor":38.0,"turns":4.0},{"damage":2.0,"enemies":"Maw","floor":39.0,"turns":6.0},{"damage":13.0,"enemies":"Reptomancer","floor":41.0,"turns":4.0},{"damage":3,"enemies":"Nemesis","floor":46,"turns":5},{"damage":5,"enemies":"3 Darklings","floor":47,"turns":3},{"damage":6,"enemies":"Giant Head","floor":48,"turns":7},{"damage":30,"enemies":"Time Eater","floor":50,"turns":7}],"seed_played":"-352722946150655377","potions_obtained":[{"floor":2.0,"key":"AttackPotion"},{"floor":11.0,"key":"PotionOfCapacity"},{"floor":16.0,"key":"LiquidBronze"},{"floor":33.0,"key":"SkillPotion"},{"floor":38.0,"key":"Regen Potion"},{"floor":41.0,"key":"Fruit Juice"},{"floor":46,"key":"FocusPotion"},{"floor":48,"key":"PotionOfCapacity"}],"is_trial":false,"path_per_floor":["M","M","M","?","?","R","E","$","T","$","M","?","E","M","R","B",null,"M","M","M","M","?","E","$","R","T","$","E","?","R","E","R","B",null,"M","M","$","M","M","R","E","R","T","?","$","E","M","E","R","B",null],"character_chosen":"DEFECT","items_purchased":["Ball Lightning","Orrery","OrangePellets","PotionOfCapacity"],"campfire_rested":0,"item_purchase_floors":[8,24,27,37],"current_hp_per_floor":[63,60,58,37,37,37,26,26,26,26,30,30,39,46,46,57,68,63,63,63,46,46,43,43,43,43,43,43,43,43,45,45,50,69,60,49,49,55,60,60,59,59,59,59,59,63,67,73,73,61],"gold":125,"neow_bonus":"HUNDRED_GOLD","is_prod":false,"is_daily":false,"chose_seed":false,"campfire_upgraded":8,"win_rate":0,"timestamp":1617587823,"path_taken":["M","M","M","?","?","R","E","$","T","?","M","?","E","M","R","BOSS","M","M","?","?","?","E","$","R","T","$","E","?","R","E","R","BOSS","M","?","$","M","M","R","E","R","T","?","?","E","M","E","R","BOSS"],"build_version":"2020-12-22","purchased_purges":3,"victory":true,"max_hp_per_floor":[71,71,71,71,71,71,71,71,71,71,71,71,71,71,71,71,71,71,71,71,71,71,71,71,71,71,71,73,73,73,75,75,75,75,77,77,77,77,77,77,77,77,77,77,77,77,79,84,84,84],"card_choices":[{"not_picked":["Consume","Beam Cell"],"picked":"Conserve Battery","floor":1.0},{"not_picked":["Gash","FTL"],"picked":"Doom and Gloom","floor":2.0},{"not_picked":["Lockon","Coolheaded"],"picked":"Chill","floor":3.0},{"not_picked":["Coolheaded","Steam"],"picked":"Go for the Eyes","floor":7.0},{"not_picked":["Chaos","Stack"],"picked":"Barrage","floor":11.0},{"not_picked":["Beam Cell","Sweeping Beam"],"picked":"Chill","floor":13.0},{"not_picked":["Go for the Eyes","Rebound","Barrage"],"picked":"SKIP","floor":14.0},{"not_picked":["Creative AI","Reboot"],"picked":"Rainbow","floor":16.0},{"not_picked":["Blizzard","Barrage","Gash"],"picked":"SKIP","floor":18.0},{"not_picked":["Tempest","Genetic Algorithm"],"picked":"Glacier","floor":19.0},{"not_picked":["Conserve Battery","Beam Cell","Consume"],"picked":"SKIP","floor":20.0},{"not_picked":["Skim","Barrage","Rebound"],"picked":"SKIP","floor":21.0},{"not_picked":["Undo","Hologram"],"picked":"Turbo+1","floor":23.0},{"not_picked":["Sweeping Beam","Ball Lightning"],"picked":"Capacitor","floor":24.0},{"not_picked":["Cold Snap","Redo"],"picked":"Self Repair","floor":24.0},{"not_picked":["Turbo","Go for the Eyes+1"],"picked":"Machine Learning","floor":24.0},{"not_picked":["Skim","Reboot","Ball Lightning","Hologram"],"picked":"Singing Bowl","floor":28.0},{"not_picked":["Coolheaded","Stack","Redo","White Noise"],"picked":"Singing Bowl","floor":31.0},{"not_picked":["Amplify","Creative AI","Multi-Cast"],"picked":"Core Surge+1","floor":33.0},{"not_picked":["Force Field","Sunder+1","Sweeping Beam+1","Stack"],"picked":"Singing Bowl","floor":35.0},{"not_picked":["Go for the Eyes+1","Leap","Streamline+1"],"picked":"Coolheaded","floor":36.0},{"not_picked":["Doom and Gloom+1","Stack+1","Fusion"],"picked":"Undo","floor":38.0},{"not_picked":["Heatsinks+1","Gash+1","FTL+1"],"picked":"Loop","floor":39.0},{"not_picked":["Gash+1","Barrage+1","Recycle"],"picked":"Multi-Cast","floor":41.0},{"not_picked":["Redo","Stack","Fusion"],"picked":"Glacier","floor":46},{"not_picked":["Conserve Battery","Streamline+1","Go for the Eyes+1","Turbo"],"picked":"Singing Bowl","floor":47},{"not_picked":["Barrage+1","Self Repair","Beam Cell+1"],"picked":"Buffer","floor":48}],"player_experience":4790264,"relics_obtained":[{"floor":7.0,"key":"Pantograph"},{"floor":9.0,"key":"Meat on the Bone"},{"floor":13.0,"key":"War Paint"},{"floor":23.0,"key":"Symbiotic Virus"},{"floor":26.0,"key":"Question Card"},{"floor":28.0,"key":"Singing Bowl"},{"floor":31.0,"key":"Molten Egg 2"},{"floor":41.0,"key":"Gambling Chip"},{"floor":46,"key":"Centennial Puzzle"},{"floor":48,"key":"Omamori"}],"event_choices":[{"damage_healed":0.0,"max_hp_gain":0.0,"max_hp_loss":0.0,"gold_gain":0.0,"event_name":"Shining Light","player_choice":"Entered Light","floor":4.0,"gold_loss":0.0,"damage_taken":21.0,"cards_upgraded":["Strike_B","Defend_B"]},{"damage_healed":0.0,"max_hp_gain":0.0,"max_hp_loss":0.0,"gold_gain":0.0,"event_name":"Living Wall","player_choice":"Grow","floor":5.0,"gold_loss":0.0,"damage_taken":0.0,"cards_upgraded":["Doom and Gloom"]},{"damage_healed":0.0,"max_hp_gain":0.0,"max_hp_loss":0.0,"gold_gain":0.0,"event_name":"Match and Keep!","player_choice":"1 cards matched","floor":12.0,"gold_loss":0.0,"damage_taken":0.0,"cards_obtained":["Electrodynamics"]},{"damage_healed":0.0,"max_hp_gain":0.0,"max_hp_loss":0.0,"gold_gain":0.0,"event_name":"The Library","player_choice":"Read","floor":22.0,"gold_loss":0.0,"damage_taken":0.0,"cards_obtained":["Biased Cognition"]},{"damage_healed":0.0,"max_hp_gain":0.0,"max_hp_loss":0.0,"gold_gain":0.0,"event_name":"Upgrade Shrine","player_choice":"Upgraded","floor":29.0,"gold_loss":0.0,"damage_taken":0.0,"cards_upgraded":["Biased Cognition"]},{"cards_removed":["Strike_B"],"damage_healed":0.0,"max_hp_gain":0.0,"max_hp_loss":0.0,"gold_gain":0.0,"event_name":"Purifier","player_choice":"Purged","floor":44.0,"gold_loss":0.0,"damage_taken":0.0}],"is_beta":false,"boss_relics":[{"not_picked":["Pandora\u0027s Box","Sozu"],"picked":"Cursed Key"},{"not_picked":["Runic Dome","Coffee Dripper"],"picked":"Nuclear Battery"}],"items_purged_floors":[8,10,37],"is_endless":false,"potions_floor_spawned":[2,11,13,16,18,20,33,38,41,46,48],"ascension_level":15}