{"gold_per_floor":[113,10,30,105,121,121,152,152,152,172,197,197,122,135,135,233,233,254,179,31,67,67,67,83,114,192,122,155,155,168,168,168,168],"floor_reached":33,"playtime":1385,"items_purged":["Strike_B","Strike_B"],"score":492,"play_id":"17cd87ee-b713-41da-80af-e044d5b38f7d","local_time":"20210514085900","is_ascension_mode":true,"campfire_choices":[{"data":"Zap","floor":6.0,"key":"SMITH"},{"data":"Streamline","floor":12.0,"key":"SMITH"},{"floor":15.0,"key":"REST"},{"data":"Doom and Gloom","floor":23.0,"key":"SMITH"},{"data":"Biased Cognition","floor":29.0,"key":"SMITH"},{"data":"Buffer","floor":32.0,"key":"SMITH"}],"neow_cost":"NONE","seed_source_timestamp":0,"circlet_count":0,"master_deck":["AscendersBane","Strike_B","Defend_B","Defend_B","Defend_B","Defend_B","Zap+1","Dualcast","Streamline+1","Ball Lightning","Glacier","BootSequence","Sweeping Beam","Lockon","Coolheaded","Doom and Gloom+1","Seek","Leap","Buffer+1","Biased Cognition+1","Capacitor","Capacitor+1","Cold Snap","Glacier"],"special_seed":0,"relics":["Cracked Core","Nunchaku","Letter Opener","Golden Idol","Bottled Flame","Odd Mushroom","Snecko Eye","Red Mask","Mango","Darkstone Periapt","MealTicket"],"potions_floor_usage":[],"damage_taken":[{"damage":12.0,"enemies":"Jaw Worm","floor":1.0,"turns":3.0},{"damage":0.0,"enemies":"Small Slimes","floor":3.0,"turns":4.0},{"damage":0.0,"enemies":"2 Louse","floor":5.0,"turns":2.0},{"damage":26.0,"enemies":"Gremlin Nob","floor":7.0,"turns":4.0},{"damage":1.0,"enemies":"Looter","floor":10.0,"turns":2.0},{"damage":2.0,"enemies":"The Mushroom Lair","floor":11.0,"turns":4.0},{"damage":0.0,"enemies":"2 Fungi Beasts","floor":14.0,"turns":2.0},{"damage":27.0,"enemies":"The Guardian","floor":16.0,"turns":14.0},{"damage":3.0,"enemies":"Chosen","floor":18.0,"turns":4.0},{"damage":0.0,"enemies":"Masked Bandits","floor":21.0,"turns":3.0},{"damage":6.0,"enemies":"Shell Parasite","floor":24.0,"turns":11.0},{"damage":10.0,"enemies":"Gremlin Leader","floor":25.0,"turns":7.0},{"damage":20.0,"enemies":"Slavers","floor":28.0,"turns":3.0},{"damage":3.0,"enemies":"Snake Plant","floor":30.0,"turns":5.0},{"damage":35,"enemies":"Champ","floor":33,"turns":22}],"seed_played":"5201252025947306991","potions_obtained":[{"floor":5.0,"key":"EntropicBrew"},{"floor":10.0,"key":"Swift Potion"},{"floor":16.0,"key":"EssenceOfSteel"},{"floor":25.0,"key":"Strength Potion"}],"is_trial":false,"path_per_floor":["M","$","M","?","M","R","E","?","T","M","?","R","$","M","R","B",null,"M","?","$","?","?","R","M","E","T","$","E","R","M","?","R","B"],"character_chosen":"DEFECT","items_purchased":["Ball Lightning","Glacier","AttackPotion","Capacitor"],"campfire_rested":1,"item_purchase_floors":[2,2,20,27],"current_hp_per_floor":[52,52,52,41,41,41,15,15,15,14,12,12,12,12,31,4,49,58,58,58,58,58,58,52,56,56,56,36,36,33,33,33,0],"gold":168,"neow_bonus":"RANDOM_COMMON_RELIC","is_prod":false,"is_daily":false,"chose_seed":false,"campfire_upgraded":5,"win_rate":0,"timestamp":1621007940,"path_taken":["M","$","M","?","M","R","E","?","T","M","?","R","$","M","R","BOSS","M","?","$","?","?","R","M","E","T","$","E","R","M","?","R","BOSS"],"build_version":"2020-12-22","purchased_purges":2,"victory":false,"max_hp_per_floor":[71,71,71,71,71,71,71,64,64,64,64,64,64,64,64,64,64,64,64,64,64,64,64,64,78,78,78,78,78,78,78,78,78],"card_choices":[{"not_picked":["Redo","Leap"],"picked":"Streamline","floor":1.0},{"not_picked":["Compile Driver","Streamline"],"picked":"BootSequence","floor":3.0},{"not_picked":["Blizzard","Beam Cell"],"picked":"Sweeping Beam","floor":5.0},{"not_picked":["Fusion","BootSequence"],"picked":"Lockon","floor":7.0},{"not_picked":["Lockon","Steam","Beam Cell"],"picked":"SKIP","floor":10.0},{"not_picked":["FTL","Ball Lightning"],"picked":"Coolheaded","floor":11.0},{"not_picked":["Gash","Steam"],"picked":"Doom and Gloom","floor":14.0},{"not_picked":["Multi-Cast","Hyperbeam"],"picked":"Seek","floor":16.0},{"not_picked":["Conserve Battery","Consume"],"picked":"Leap","floor":18.0},{"not_picked":["Go for the Eyes","Cold Snap+1"],"picked":"Buffer","floor":24.0},{"not_picked":["Defragment","Beam Cell"],"picked":"Biased Cognition","floor":25.0},{"not_picked":["Redo","Sunder"],"picked":"Capacitor+1","floor":28.0},{"not_picked":["FTL","Ball Lightning+1"],"picked":"Cold Snap","floor":30.0}],"player_experience":4801791,"relics_obtained":[{"floor":7.0,"key":"Letter Opener"},{"floor":9.0,"key":"Bottled Flame"},{"floor":11.0,"key":"Odd Mushroom"},{"floor":21.0,"key":"Red Mask"},{"floor":25.0,"key":"Mango"},{"floor":26.0,"key":"Darkstone Periapt"},{"floor":28.0,"key":"MealTicket"}],"event_choices":[{"damage_healed":0.0,"max_hp_gain":0.0,"max_hp_loss":0.0,"gold_gain":75.0,"event_name":"World of Goop","player_choice":"Gather Gold","floor":4.0,"gold_loss":0.0,"damage_taken":11.0},{"damage_healed":0.0,"max_hp_gain":0.0,"max_hp_loss":7.0,"gold_gain":0.0,"event_name":"Golden Idol","player_choice":"Lose Max HP","floor":8.0,"gold_loss":0.0,"damage_taken":0.0,"relics_obtained":["Golden Idol"]},{"damage_healed":0.0,"max_hp_gain":0.0,"max_hp_loss":0.0,"gold_gain":0.0,"event_name":"Mushrooms","player_choice":"Fought Mushrooms","floor":11.0,"gold_loss":0.0,"damage_taken":0.0},{"cards_removed":["Strike_B"],"damage_healed":0.0,"max_hp_gain":0.0,"max_hp_loss":0.0,"gold_gain":0.0,"event_name":"Beggar","player_choice":"Gave Gold","floor":19.0,"gold_loss":75.0,"damage_taken":0.0},{"damage_healed":0.0,"max_hp_gain":0.0,"max_hp_loss":0.0,"gold_gain":0.0,"event_name":"Masked Bandits","player_choice":"Fought Bandits","floor":21.0,"gold_loss":0.0,"damage_taken":0.0},{"damage_healed":0.0,"max_hp_gain":0.0,"max_hp_loss":0.0,"gold_gain":0.0,"event_name":"Duplicator","player_choice":"Copied","floor":31.0,"gold_loss":0.0,"damage_taken":0.0,"cards_obtained":["Glacier"]}],"is_beta":false,"boss_relics":[{"not_picked":["Inserter","Astrolabe"],"picked":"Snecko Eye"}],"items_purged_floors":[13,20],"is_endless":false,"potions_floor_spawned":[5,10,16,25],"killed_by":"Champ","ascension_level":15}