{"gold_per_floor":[114,128,140,31,31,61,61,92,92,92,92,102,2,30,30,105,105,123,139,153,153,153,153,187,187,212,222,239,46,46,59,59,137,137,154,11,65,0,20,46,46,77,77,106,106,28,28,43,43,43],"floor_reached":51,"playtime":1948,"items_purged":["Strike_B","Decay","Beam Cell+1"],"score":1556,"play_id":"26c4b822-5970-4286-a318-c199d7d9aebf","local_time":"20210522010203","is_ascension_mode":true,"campfire_choices":[{"data":"Defragment","floor":7.0,"key":"SMITH"},{"data":"Electrodynamics","floor":10.0,"key":"SMITH"},{"data":"Zap","floor":15.0,"key":"SMITH"},{"floor":23.0,"key":"REST"},{"data":"Buffer","floor":25,"key":"SMITH"},{"floor":30,"key":"REST"},{"floor":32,"key":"REST"},{"floor":41,"key":"REST"},{"data":"Echo Form","floor":45,"key":"SMITH"},{"data":"Buffer","floor":49,"key":"SMITH"}],"neow_cost":"NONE","seed_source_timestamp":176485330356900,"circlet_count":0,"master_deck":["AscendersBane","Zap+1","Dualcast","Cold Snap","Compile Driver","Electrodynamics+1","Doom and Gloom","Defragment+1","Rip and Tear+1","Glacier","Biased Cognition","Capacitor","Chaos","Biased Cognition","Buffer+1","Beam Cell+1","Sunder+1","Leap","Go for the Eyes+1","Turbo","Conserve Battery","Creative AI","Chill","Echo Form+1","BootSequence+1","Reinforced Body","Buffer+1","Coolheaded+1","Capacitor+1"],"special_seed":0,"relics":["Cracked Core","NeowsBlessing","Molten Egg 2","Pear","Letter Opener","TungstenRod","Pandora\u0027s Box","Anchor","Boot","Philosopher\u0027s Stone","Potion Belt","Pocketwatch","Red Mask","Prayer Wheel","Mango","Dead Branch","Emotion Chip"],"potions_floor_usage":[31,33,37,44,50,50],"damage_taken":[{"damage":0.0,"enemies":"Cultist","floor":1.0,"turns":1.0},{"damage":0.0,"enemies":"Small Slimes","floor":2.0,"turns":1.0},{"damage":0.0,"enemies":"2 Louse","floor":3.0,"turns":1.0},{"damage":32.0,"enemies":"Gremlin Nob","floor":6.0,"turns":4.0},{"damage":9.0,"enemies":"Lagavulin","floor":8.0,"turns":7.0},{"damage":9.0,"enemies":"2 Fungi Beasts","floor":12.0,"turns":3.0},{"damage":13.0,"enemies":"Gremlin Nob","floor":14.0,"turns":4.0},{"damage":0.0,"enemies":"Hexaghost","floor":16.0,"turns":9.0},{"damage":20.0,"enemies":"2 Thieves","floor":18.0,"turns":2.0},{"damage":0.0,"enemies":"3 Byrds","floor":19.0,"turns":2.0},{"damage":13.0,"enemies":"Centurion and Healer","floor":20.0,"turns":4.0},{"damage":0,"enemies":"Gremlin Leader","floor":24,"turns":5},{"damage":0,"enemies":"Shelled Parasite and Fungi","floor":27,"turns":6},{"damage":17,"enemies":"Snecko","floor":28,"turns":4},{"damage":15,"enemies":"Centurion and Healer","floor":31,"turns":5},{"damage":42,"enemies":"Collector","floor":33,"turns":10},{"damage":0,"enemies":"Orb Walker","floor":35,"turns":3},{"damage":10,"enemies":"2 Orb Walkers","floor":37,"turns":4},{"damage":18,"enemies":"3 Darklings","floor":39,"turns":4},{"damage":22,"enemies":"Reptomancer","floor":40,"turns":5},{"damage":0,"enemies":"Nemesis","floor":42,"turns":11},{"damage":0,"enemies":"Giant Head","floor":44,"turns":9},{"damage":0,"enemies":"Sphere and 2 Shapes","floor":48,"turns":4},{"damage":30,"enemies":"Donu and Deca","floor":50,"turns":9}],"seed_played":"1658456876902832062","potions_obtained":[{"floor":2.0,"key":"SpeedPotion"},{"floor":6.0,"key":"Dexterity Potion"},{"floor":12.0,"key":"Weak Potion"},{"floor":14.0,"key":"Regen Potion"},{"floor":19.0,"key":"Swift Potion"},{"floor":28,"key":"SpeedPotion"},{"floor":33,"key":"LiquidMemories"},{"floor":37,"key":"EssenceOfDarkness"},{"floor":42,"key":"SneckoOil"},{"floor":44,"key":"SteroidPotion"},{"floor":48,"key":"Energy Potion"}],"is_trial":false,"path_per_floor":["M","M","M","$","?","E","R","E","T","R","$","M","$","E","R","B",null,"M","M","M","?","?","R","E","R","T","M","M","$","R","M","R","B",null,"M","$","?","?","M","E","R","E","T","E","R","$","?","M","R","B",null],"character_chosen":"DEFECT","items_purchased":["Doom and Gloom","Chill","Potion Belt","Regen Potion"],"campfire_rested":4,"item_purchase_floors":[4,29,36,46],"current_hp_per_floor":[64,64,64,64,64,32,32,33,33,33,33,24,24,11,11,11,64,49,49,36,36,14,39,39,39,39,39,22,22,47,32,57,15,68,68,68,58,58,40,18,43,57,57,57,57,57,57,57,57,42],"gold":43,"neow_bonus":"THREE_ENEMY_KILL","is_prod":false,"is_daily":false,"chose_seed":false,"campfire_upgraded":6,"win_rate":0,"timestamp":1621670523,"path_taken":["M","M","?","$","?","E","R","E","T","R","$","M","?","E","R","BOSS","M","M","M","?","?","R","E","R","T","M","M","$","R","M","R","BOSS","M","$","?","?","M","E","R","E","T","E","R","$","?","M","R","BOSS"],"build_version":"2020-12-22","purchased_purges":3,"victory":true,"max_hp_per_floor":[71,71,71,71,71,71,71,81,81,81,81,81,81,81,81,81,81,81,81,81,81,86,86,86,86,86,86,86,86,86,86,86,86,86,86,86,86,86,86,86,86,100,100,100,100,100,95,95,95,95],"card_choices":[{"not_picked":["Cold Snap","Recycle","Steam Power"],"picked":"SKIP","floor":1.0},{"not_picked":["Recycle","Steam Power"],"picked":"Cold Snap","floor":1.0},{"not_picked":["Beam Cell","Hello World"],"picked":"Compile Driver","floor":2.0},{"not_picked":["Ball Lightning","Stack"],"picked":"Electrodynamics","floor":3.0},{"not_picked":["Loop","Cold Snap+1"],"picked":"Defragment","floor":6.0},{"not_picked":["Gash+1","Amplify"],"picked":"Rip and Tear+1","floor":8.0},{"not_picked":["Compile Driver+1","Doom and Gloom+1","Hello World"],"picked":"SKIP","floor":12.0},{"not_picked":["Doom and Gloom+1","Beam Cell+1"],"picked":"Glacier","floor":14.0},{"not_picked":["Echo Form","Fission"],"picked":"Biased Cognition","floor":16.0},{"not_picked":["Defragment+1","Undo"],"picked":"Leap","floor":18.0},{"not_picked":["Beam Cell+1","Turbo+1"],"picked":"Go for the Eyes+1","floor":19.0},{"not_picked":["Steam","FTL+1"],"picked":"Turbo","floor":20.0},{"not_picked":["FTL+1","Ball Lightning+1"],"picked":"Conserve Battery","floor":24},{"not_picked":["Sweeping Beam+1","Conserve Battery","Cold Snap+1"],"picked":"SKIP","floor":27},{"not_picked":["Streamline+1","Redo"],"picked":"Creative AI","floor":28},{"not_picked":["Defragment","Redo","Stack"],"picked":"SKIP","floor":31},{"not_picked":["Reboot","Multi-Cast"],"picked":"Echo Form","floor":33},{"not_picked":["Steam","Consume"],"picked":"BootSequence+1","floor":35},{"not_picked":["Skim","Compile Driver+1"],"picked":"Reinforced Body","floor":39},{"not_picked":["Rebound+1","Stack"],"picked":"Buffer","floor":40},{"not_picked":["Hologram+1","Steam Power"],"picked":"Coolheaded+1","floor":42},{"not_picked":["Conserve Battery+1","Amplify"],"picked":"Capacitor+1","floor":44},{"not_picked":["Hologram","Steam","Rebound+1"],"picked":"SKIP","floor":48},{"not_picked":["Darkness","Turbo","Coolheaded"],"picked":"SKIP","floor":48}],"player_experience":4811365,"relics_obtained":[{"floor":6.0,"key":"Molten Egg 2"},{"floor":8.0,"key":"Pear"},{"floor":9.0,"key":"Letter Opener"},{"floor":14.0,"key":"TungstenRod"},{"floor":24,"key":"Anchor"},{"floor":26,"key":"Boot"},{"floor":37,"key":"Pocketwatch"},{"floor":40,"key":"Prayer Wheel"},{"floor":42,"key":"Mango"},{"floor":43,"key":"Dead Branch"},{"floor":44,"key":"Emotion Chip"}],"event_choices":[{"damage_healed":0.0,"max_hp_gain":0.0,"max_hp_loss":0.0,"gold_gain":0.0,"event_name":"Wheel of Change","player_choice":"Cursed","floor":5.0,"gold_loss":0.0,"damage_taken":0.0,"cards_obtained":["Decay"]},{"damage_healed":0.0,"max_hp_gain":0.0,"max_hp_loss":0.0,"gold_gain":0.0,"event_name":"Beggar","player_choice":"Ignored","floor":21.0,"gold_loss":0.0,"damage_taken":0.0},{"damage_healed":0.0,"max_hp_gain":5.0,"max_hp_loss":0.0,"gold_gain":0.0,"event_name":"Forgotten Altar","player_choice":"Shed Blood","floor":22.0,"gold_loss":0.0,"damage_taken":28.0},{"damage_healed":0,"gold_gain":0,"player_choice":"Fight","damage_taken":0,"max_hp_gain":0,"max_hp_loss":0,"event_name":"Mysterious Sphere","floor":37,"gold_loss":0},{"damage_healed":0,"gold_gain":0,"player_choice":"Paid","damage_taken":0,"relics_obtained":["Red Mask"],"max_hp_gain":0,"max_hp_loss":0,"event_name":"Tomb of Lord Red Mask","floor":38,"gold_loss":65},{"damage_healed":0,"gold_gain":0,"player_choice":"Max HP","damage_taken":0,"max_hp_gain":0,"max_hp_loss":5,"event_name":"Winding Halls","floor":47,"gold_loss":0}],"is_beta":false,"boss_relics":[{"not_picked":["Tiny House","Busted Crown"],"picked":"Pandora\u0027s Box"},{"not_picked":["Inserter","SacredBark"],"picked":"Philosopher\u0027s Stone"}],"items_purged_floors":[4,13,29],"is_endless":false,"potions_floor_spawned":[2,6,12,14,19,28,33,37,42,44,48],"ascension_level":15}