{"gold_per_floor":[119,119,130,140,150,150,176,176,203,228,245,273,288,288,288,362,362,378,378,395,407,407,407,447,447,447,461,496,522,542,553,553,629,629,653,653,682,691,691,726,726,738,738,760,407,407,84,109,109,109],"floor_reached":51,"playtime":2047,"items_purged":["Clumsy","Zap"],"score":1343,"play_id":"4e1cae07-18de-4bf7-8d23-f35aa1c758a1","local_time":"20210608221429","is_ascension_mode":true,"campfire_choices":[{"data":"Sweeping Beam","floor":6.0,"key":"SMITH"},{"floor":8.0,"key":"REST"},{"data":"Barrage","floor":15.0,"key":"SMITH"},{"data":"Electrodynamics","floor":23.0,"key":"SMITH"},{"floor":25.0,"key":"REST"},{"data":"Defragment","floor":32.0,"key":"SMITH"},{"floor":41.0,"key":"REST"},{"floor":46.0,"key":"REST"},{"floor":49.0,"key":"REST"}],"neow_cost":"NONE","seed_source_timestamp":0,"circlet_count":0,"master_deck":["AscendersBane","Strike_B+1","Strike_B+1","Strike_B+1","Strike_B+1","Defend_B+1","Defend_B+1","Defend_B+1","Defend_B+1","Dualcast+1","Conserve Battery","Sweeping Beam+1","Conserve Battery","Cold Snap","Electrodynamics+1","Self Repair","Barrage+1","Seek","Defragment+1","Creative AI","Chill","Skim+1","Dark Shackles","Capacitor","Fission","Heatsinks","Predator"],"special_seed":0,"relics":["Cracked Core","Anchor","Bag of Preparation","Blood Vial","Strawberry","Regal Pillow","Cursed Key","CeramicFish","Bronze Scales","Sundial","Fusion Hammer","Happy Flower","Oddly Smooth Stone","PrismaticShard"],"potions_floor_usage":[50,50,50,50,50,50,50],"damage_taken":[{"damage":7.0,"enemies":"Jaw Worm","floor":1.0,"turns":3.0},{"damage":3.0,"enemies":"Small Slimes","floor":3.0,"turns":3.0},{"damage":1.0,"enemies":"Cultist","floor":4.0,"turns":3.0},{"damage":4.0,"enemies":"Exordium Wildlife","floor":5.0,"turns":3.0},{"damage":8.0,"enemies":"3 Sentries","floor":7.0,"turns":5.0},{"damage":13.0,"enemies":"Gremlin Nob","floor":10.0,"turns":3.0},{"damage":0.0,"enemies":"2 Fungi Beasts","floor":11.0,"turns":2.0},{"damage":0.0,"enemies":"3 Sentries","floor":12.0,"turns":3.0},{"damage":0.0,"enemies":"Red Slaver","floor":13.0,"turns":2.0},{"damage":28.0,"enemies":"Slime Boss","floor":16.0,"turns":7.0},{"damage":15.0,"enemies":"3 Byrds","floor":18.0,"turns":4.0},{"damage":9.0,"enemies":"Spheric Guardian","floor":20.0,"turns":3.0},{"damage":4.0,"enemies":"3 Cultists","floor":21.0,"turns":3.0},{"damage":42.0,"enemies":"Book of Stabbing","floor":24.0,"turns":6.0},{"damage":29.0,"enemies":"Snake Plant","floor":27.0,"turns":5.0},{"damage":0.0,"enemies":"Gremlin Leader","floor":29.0,"turns":5.0},{"damage":0.0,"enemies":"Cultist and Chosen","floor":30.0,"turns":3.0},{"damage":0.0,"enemies":"3 Cultists","floor":31.0,"turns":3.0},{"damage":6.0,"enemies":"Champ","floor":33.0,"turns":10.0},{"damage":0.0,"enemies":"3 Shapes","floor":35.0,"turns":3.0},{"damage":0.0,"enemies":"Orb Walker","floor":37.0,"turns":3.0},{"damage":26.0,"enemies":"Nemesis","floor":40.0,"turns":7.0},{"damage":36.0,"enemies":"Transient","floor":42.0,"turns":5.0},{"damage":0.0,"enemies":"Maw","floor":44.0,"turns":8.0},{"damage":0.0,"enemies":"Jaw Worm Horde","floor":48.0,"turns":4.0},{"damage":72,"enemies":"Time Eater","floor":50,"turns":11}],"seed_played":"-2345091246388063093","potions_obtained":[{"floor":3.0,"key":"SteroidPotion"},{"floor":4.0,"key":"FearPotion"},{"floor":12.0,"key":"BlessingOfTheForge"},{"floor":16.0,"key":"ColorlessPotion"},{"floor":24.0,"key":"EssenceOfSteel"},{"floor":27.0,"key":"Block Potion"},{"floor":33.0,"key":"Strength Potion"},{"floor":42.0,"key":"SmokeBomb"}],"is_trial":false,"path_per_floor":["M","?","M","M","M","R","E","R","T","E","M","E","M","?","R","B",null,"M","?","M","M","?","R","E","R","T","M","T","E","M","M","R","B",null,"M","?","M","?","?","E","R","M","T","M","$","R","$","M","R","B",null],"character_chosen":"DEFECT","items_purchased":["Heatsinks","Oddly Smooth Stone","EntropicBrew","Ancient Potion","PrismaticShard"],"campfire_rested":5,"item_purchase_floors":[45,45,45,47,47],"current_hp_per_floor":[64,41,38,37,33,33,25,48,48,35,44,53,55,44,44,25,70,64,64,64,69,69,69,36,76,76,56,56,65,74,76,76,79,84,85,81,81,71,71,54,81,52,52,61,61,81,81,81,81,19],"gold":109,"neow_bonus":"TEN_PERCENT_HP_BONUS","is_prod":false,"is_daily":false,"chose_seed":false,"campfire_upgraded":4,"win_rate":0,"timestamp":1623215669,"path_taken":["M","?","M","M","M","R","E","R","T","E","M","E","M","?","R","BOSS","M","?","M","M","?","R","E","R","T","M","?","E","?","M","R","BOSS","M","?","M","?","?","E","R","?","T","M","$","R","$","M","R","BOSS"],"build_version":"2020-12-22","purchased_purges":2,"victory":true,"max_hp_per_floor":[78,78,78,78,78,78,78,78,78,78,78,85,85,85,85,85,85,85,85,85,85,85,85,85,85,85,85,85,85,85,85,85,85,85,85,81,81,81,81,81,81,81,81,81,81,81,81,81,81,81],"card_choices":[{"not_picked":["Fusion","Turbo"],"picked":"Conserve Battery","floor":1.0},{"not_picked":["Sunder","Go for the Eyes"],"picked":"Sweeping Beam","floor":3.0},{"not_picked":["Recycle","Hologram"],"picked":"Conserve Battery","floor":4.0},{"not_picked":["FTL","White Noise"],"picked":"Cold Snap","floor":5.0},{"not_picked":["Go for the Eyes","Ball Lightning"],"picked":"Electrodynamics","floor":7.0},{"not_picked":["Darkness","Rebound"],"picked":"Self Repair","floor":10.0},{"not_picked":["Stack","Go for the Eyes"],"picked":"Sunder","floor":11.0},{"not_picked":["BootSequence","Streamline"],"picked":"Barrage","floor":12.0},{"not_picked":["Blizzard","Stack","Consume"],"picked":"SKIP","floor":13.0},{"not_picked":["Hyperbeam","Creative AI"],"picked":"Seek","floor":16.0},{"not_picked":["Steam Power","Cold Snap","Recycle"],"picked":"SKIP","floor":18.0},{"not_picked":["Leap","Skim","Gash+1"],"picked":"SKIP","floor":20.0},{"not_picked":["Storm","Hologram","Rebound"],"picked":"SKIP","floor":21.0},{"not_picked":["Blizzard","Seek"],"picked":"Defragment","floor":24.0},{"not_picked":["Compile Driver","Leap","Ball Lightning"],"picked":"SKIP","floor":27.0},{"not_picked":["Storm","Cold Snap","Sweeping Beam+1"],"picked":"SKIP","floor":29.0},{"not_picked":["Rip and Tear","Ball Lightning"],"picked":"Creative AI","floor":30.0},{"not_picked":["Self Repair+1","Sweeping Beam","Compile Driver"],"picked":"SKIP","floor":31.0},{"not_picked":["Steam","Beam Cell+1"],"picked":"Chill","floor":35.0},{"not_picked":["Loop","Turbo"],"picked":"Skim+1","floor":37.0},{"not_picked":["Flash of Steel","Jack Of All Trades"],"picked":"Dark Shackles","floor":38.0},{"not_picked":["Hologram","Beam Cell"],"picked":"Capacitor","floor":40.0},{"not_picked":["Cold Snap","White Noise","Auto Shields"],"picked":"SKIP","floor":42.0},{"not_picked":["Stack","Barrage"],"picked":"Fission","floor":44.0},{"not_picked":["Adaptation","Twin Strike"],"picked":"Predator","floor":48.0}],"player_experience":4865079,"relics_obtained":[{"floor":7.0,"key":"Anchor"},{"floor":9.0,"key":"Bag of Preparation"},{"floor":10.0,"key":"Blood Vial"},{"floor":12.0,"key":"Strawberry"},{"floor":24.0,"key":"CeramicFish"},{"floor":28.0,"key":"Bronze Scales"},{"floor":29.0,"key":"Sundial"},{"floor":40.0,"key":"Happy Flower"}],"event_choices":[{"damage_healed":0.0,"max_hp_gain":0.0,"max_hp_loss":0.0,"gold_gain":0.0,"event_name":"Shining Light","player_choice":"Entered Light","floor":2.0,"gold_loss":0.0,"damage_taken":23.0,"cards_upgraded":["Defend_B","Dualcast"]},{"damage_healed":0.0,"max_hp_gain":0.0,"max_hp_loss":0.0,"gold_gain":0.0,"event_name":"Scrap Ooze","player_choice":"Success","floor":14.0,"gold_loss":0.0,"damage_taken":11.0,"relics_obtained":["Regal Pillow"]},{"damage_healed":0.0,"max_hp_gain":0.0,"max_hp_loss":0.0,"gold_gain":0.0,"event_name":"Back to Basics","player_choice":"Simplicity","floor":19.0,"gold_loss":0.0,"damage_taken":0.0,"cards_upgraded":["Strike_B","Strike_B","Strike_B","Strike_B","Defend_B","Defend_B","Defend_B"]},{"damage_healed":0.0,"max_hp_gain":0.0,"max_hp_loss":0.0,"gold_gain":0.0,"event_name":"Ghosts","player_choice":"Ignored","floor":22.0,"gold_loss":0.0,"damage_taken":0.0},{"damage_healed":0.0,"max_hp_gain":0.0,"max_hp_loss":4.0,"gold_gain":0.0,"event_name":"Winding Halls","player_choice":"Max HP","floor":36.0,"gold_loss":0.0,"damage_taken":0.0},{"damage_healed":0.0,"max_hp_gain":0.0,"max_hp_loss":0.0,"gold_gain":0.0,"event_name":"SensoryStone","player_choice":"Memory 3","floor":38.0,"gold_loss":0.0,"damage_taken":10.0},{"cards_removed":["Sunder"],"damage_healed":0.0,"max_hp_gain":0.0,"max_hp_loss":0.0,"gold_gain":0.0,"event_name":"Falling","player_choice":"Removed Attack","floor":39.0,"gold_loss":0.0,"damage_taken":0.0}],"is_beta":false,"boss_relics":[{"not_picked":["Philosopher\u0027s Stone","Empty Cage"],"picked":"Cursed Key"},{"not_picked":["FrozenCore","Pandora\u0027s Box"],"picked":"Fusion Hammer"}],"items_purged_floors":[45,47],"is_endless":false,"potions_floor_spawned":[3,4,5,12,16,24,27,30,33,35,37,42],"ascension_level":15}