{"gold_per_floor":[109,184,184,198,209,242,242,254,281,313,313,344,344,344,344,420,420,431,444,444,461,228,228,260,276,300,313,333,333,333,79,79,156,156,171,221,231,74,74,102,102,132,144,184,196,224,250,280,292,304],"floor_reached":51,"playtime":1949,"items_purged":["Strike_B","Strike_B"],"score":1450,"play_id":"da775be7-5b87-4a93-9664-fec664298066","local_time":"20210606163928","is_ascension_mode":true,"campfire_choices":[{"floor":7,"key":"REST"},{"floor":11,"key":"REST"},{"data":"Go for the Eyes","floor":13,"key":"SMITH"},{"data":"Biased Cognition","floor":15,"key":"SMITH"},{"floor":23,"key":"REST"},{"data":"Capacitor","floor":30,"key":"SMITH"},{"data":"Electrodynamics","floor":32,"key":"SMITH"},{"data":"Barrage","floor":41,"key":"SMITH"},{"data":"Doom and Gloom","floor":45,"key":"SMITH"},{"data":"Seek","floor":49,"key":"SMITH"}],"neow_cost":"NONE","seed_source_timestamp":114362938550900,"circlet_count":0,"master_deck":["AscendersBane","Strike_B","Strike_B","Defend_B","Defend_B","Defend_B","Defend_B+1","Zap+1","Dualcast","Go for the Eyes+1","Streamline+1","Leap","Biased Cognition+1","Coolheaded","Electrodynamics+1","Steam+1","Turbo+1","Glacier","Doom and Gloom+1","Seek+1","Barrage+1","Capacitor+1","All For One","Coolheaded","Consume+1","Capacitor+1"],"relics":["Cracked Core","NeowsBlessing","Potion Belt","War Paint","Art of War","Ancient Tea Set","Symbiotic Virus","Runic Pyramid","Bag of Preparation","Lantern","Toy Ornithopter","Black Star","PreservedInsect","Meat on the Bone","Question Card","Anchor","MawBank","Boot","Bronze Scales","Lizard Tail","Centennial Puzzle"],"potions_floor_usage":[6,6,12,16,24,25,33,33,42,48,50,50,50],"damage_taken":[{"damage":0,"enemies":"2 Louse","floor":1,"turns":1},{"damage":0,"enemies":"Jaw Worm","floor":4,"turns":1},{"damage":0,"enemies":"Small Slimes","floor":5,"turns":1},{"damage":30,"enemies":"3 Sentries","floor":6,"turns":8},{"damage":0,"enemies":"Looter","floor":8,"turns":3},{"damage":2,"enemies":"Lagavulin","floor":10,"turns":7},{"damage":25,"enemies":"Gremlin Nob","floor":12,"turns":4},{"damage":3,"enemies":"Hexaghost","floor":16,"turns":8},{"damage":21,"enemies":"3 Byrds","floor":18,"turns":4},{"damage":0,"enemies":"Chosen","floor":19,"turns":4},{"damage":19,"enemies":"Centurion and Healer","floor":21,"turns":3},{"damage":7,"enemies":"Book of Stabbing","floor":24,"turns":5},{"damage":2,"enemies":"Snake Plant","floor":25,"turns":3},{"damage":0,"enemies":"3 Cultists","floor":27,"turns":3},{"damage":0,"enemies":"Centurion and Healer","floor":28,"turns":5},{"damage":0,"enemies":"Collector","floor":33,"turns":8},{"damage":0,"enemies":"3 Shapes","floor":35,"turns":3},{"damage":0,"enemies":"3 Darklings","floor":37,"turns":4},{"damage":7,"enemies":"Nemesis","floor":40,"turns":5},{"damage":5,"enemies":"Reptomancer","floor":42,"turns":4},{"damage":0,"enemies":"Nemesis","floor":44,"turns":4},{"damage":0,"enemies":"Sphere and 2 Shapes","floor":46,"turns":2},{"damage":0,"enemies":"Maw","floor":47,"turns":7},{"damage":20,"enemies":"Transient","floor":48,"turns":5},{"damage":22,"enemies":"Donu and Deca","floor":50,"turns":8}],"seed_played":"7749551527196490879","potions_obtained":[{"floor":1,"key":"Swift Potion"},{"floor":4,"key":"EssenceOfSteel"},{"floor":6,"key":"SpeedPotion"},{"floor":10,"key":"PowerPotion"},{"floor":12,"key":"FocusPotion"},{"floor":19,"key":"Dexterity Potion"},{"floor":24,"key":"BlessingOfTheForge"},{"floor":25,"key":"PowerPotion"},{"floor":40,"key":"EssenceOfSteel"},{"floor":46,"key":"BlessingOfTheForge"},{"floor":47,"key":"Regen Potion"},{"floor":48,"key":"GamblersBrew"}],"is_trial":false,"path_per_floor":["M","?","?","M","M","E","R","M","T","E","R","E","R","?","R","B",null,"M","M","?","M","$","R","E","M","T","M","M","?","R","$","R","B",null,"M","?","M","$","T","E","R","E","T","E","R","M","M","M","R","B",null],"character_chosen":"DEFECT","items_purchased":["Glacier","PowerPotion","PotionOfCapacity","Toy Ornithopter","PreservedInsect"],"campfire_rested":3,"item_purchase_floors":[22,22,22,31,38],"current_hp_per_floor":[64,53,35,35,35,5,26,26,26,24,45,20,20,20,20,17,58,37,37,37,18,18,39,32,30,30,30,30,30,30,30,30,40,63,63,63,63,63,63,56,56,56,56,56,56,56,56,55,55,48],"gold":316,"neow_bonus":"THREE_ENEMY_KILL","is_prod":false,"is_daily":false,"chose_seed":false,"campfire_upgraded":7,"win_rate":0,"timestamp":1623022768,"path_taken":["M","?","?","M","M","E","R","M","T","E","R","E","R","?","R","BOSS","M","M","?","M","$","R","E","M","T","M","M","?","R","$","R","BOSS","M","?","M","$","?","E","R","E","T","E","R","M","M","M","R","BOSS"],"build_version":"2020-12-22","purchased_purges":2,"victory":true,"max_hp_per_floor":[71,71,71,71,71,71,71,71,71,71,71,71,71,71,71,71,71,71,71,71,71,71,71,71,71,71,71,71,71,71,71,71,71,71,71,71,71,71,71,71,71,71,71,71,71,71,71,71,71,71],"card_choices":[{"not_picked":["Auto Shields","Consume"],"picked":"Go for the Eyes","floor":1},{"not_picked":["Beam Cell","Reprogram"],"picked":"Streamline","floor":4},{"not_picked":["Rebound","Go for the Eyes","Streamline"],"picked":"SKIP","floor":5},{"not_picked":["Scrape","Beam Cell"],"picked":"Leap","floor":6},{"not_picked":["Turbo","Recycle","Sunder"],"picked":"SKIP","floor":8},{"not_picked":["Barrage","Redo"],"picked":"Biased Cognition","floor":10},{"not_picked":["Gash","Conserve Battery"],"picked":"Coolheaded","floor":12},{"not_picked":["Buffer","Multi-Cast"],"picked":"Electrodynamics","floor":16},{"not_picked":["Turbo+1","Auto Shields"],"picked":"Steam+1","floor":18},{"not_picked":["Compile Driver","Go for the Eyes","Streamline"],"picked":"SKIP","floor":19},{"not_picked":["White Noise","Steam Power+1"],"picked":"Turbo+1","floor":21},{"not_picked":["Sweeping Beam","Conserve Battery","Go for the Eyes"],"picked":"SKIP","floor":24},{"not_picked":["Ball Lightning","Coolheaded"],"picked":"Doom and Gloom","floor":25},{"not_picked":["Leap","Ball Lightning"],"picked":"Seek","floor":27},{"not_picked":["Rebound","Aggregate"],"picked":"Barrage","floor":28},{"not_picked":["Fission","Meteor Strike"],"picked":"All For One","floor":33},{"not_picked":["Sweeping Beam","Darkness"],"picked":"Coolheaded","floor":35},{"not_picked":["Beam Cell","Blizzard","Skim+1"],"picked":"SKIP","floor":37},{"not_picked":["Darkness","Turbo+1","Electrodynamics"],"picked":"SKIP","floor":40},{"not_picked":["Rebound","Tempest","Hologram+1"],"picked":"Consume+1","floor":42},{"not_picked":["Streamline","Gash","Compile Driver","Beam Cell"],"picked":"SKIP","floor":44},{"not_picked":["Rebound","Hologram","Sweeping Beam"],"picked":"Capacitor+1","floor":46},{"not_picked":["Coolheaded","Tempest+1","Sweeping Beam","Ball Lightning"],"picked":"SKIP","floor":47},{"not_picked":["Beam Cell","Static Discharge","Go for the Eyes+1","Barrage"],"picked":"SKIP","floor":48}],"player_experience":4855704,"relics_obtained":[{"floor":6,"key":"War Paint"},{"floor":9,"key":"Art of War"},{"floor":10,"key":"Ancient Tea Set"},{"floor":12,"key":"Symbiotic Virus"},{"floor":24,"key":"Bag of Preparation"},{"floor":26,"key":"Lantern"},{"floor":39,"key":"Meat on the Bone"},{"floor":40,"key":"Question Card"},{"floor":40,"key":"Anchor"},{"floor":42,"key":"MawBank"},{"floor":42,"key":"Boot"},{"floor":43,"key":"Bronze Scales"},{"floor":44,"key":"Lizard Tail"},{"floor":44,"key":"Centennial Puzzle"}],"event_choices":[{"damage_healed":0,"gold_gain":75,"player_choice":"Gather Gold","damage_taken":11,"max_hp_gain":0,"max_hp_loss":0,"event_name":"World of Goop","floor":2,"gold_loss":0},{"damage_healed":0,"gold_gain":0,"player_choice":"Success","damage_taken":18,"relics_obtained":["Potion Belt"],"max_hp_gain":0,"max_hp_loss":0,"event_name":"Scrap Ooze","floor":3,"gold_loss":0},{"damage_healed":0,"gold_gain":0,"player_choice":"Grow","damage_taken":0,"max_hp_gain":0,"max_hp_loss":0,"event_name":"Living Wall","floor":14,"gold_loss":0,"cards_upgraded":["Streamline"]},{"damage_healed":0,"gold_gain":0,"player_choice":"Ignored","damage_taken":0,"max_hp_gain":0,"max_hp_loss":0,"event_name":"Ghosts","floor":20,"gold_loss":0},{"damage_healed":0,"gold_gain":0,"player_choice":"Read","damage_taken":0,"max_hp_gain":0,"max_hp_loss":0,"event_name":"The Library","floor":29,"gold_loss":0,"cards_obtained":["Capacitor"]},{"damage_healed":0,"gold_gain":50,"player_choice":"Pray","damage_taken":0,"max_hp_gain":0,"max_hp_loss":0,"event_name":"Golden Shrine","floor":36,"gold_loss":0}],"is_beta":false,"boss_relics":[{"not_picked":["Busted Crown","Calling Bell"],"picked":"Runic Pyramid"},{"not_picked":["Empty Cage","Pandora\u0027s Box"],"picked":"Black Star"}],"items_purged_floors":[22,31],"is_endless":false,"potions_floor_spawned":[1,4,6,10,12,19,24,25,28,40,46,47,48],"ascension_level":15}