{"gold_per_floor":[118,131,131,143,143,172,222,222,222,222,283,283,318,318],"floor_reached":14,"playtime":282,"items_purged":[],"score":168,"play_id":"264619c1-6b23-473e-8baf-496a8a4f20b1","local_time":"20210606160622","is_ascension_mode":true,"campfire_choices":[{"data":"Streamline","floor":8.0,"key":"SMITH"},{"floor":12,"key":"REST"}],"neow_cost":"NONE","seed_source_timestamp":114019335534500,"circlet_count":0,"master_deck":["AscendersBane","Strike_B","Strike_B","Strike_B","Strike_B","Defend_B","Defend_B","Defend_B","Defend_B","Zap","Dualcast","Genetic Algorithm","Sweeping Beam","Loop","Streamline+1","Cold Snap","Conserve Battery"],"special_seed":0,"relics":["Cracked Core","NeowsBlessing","Peace Pipe","FaceOfCleric","Juzu Bracelet","InkBottle","Golden Idol","Centennial Puzzle","Letter Opener"],"potions_floor_usage":[11],"damage_taken":[{"damage":0.0,"enemies":"Cultist","floor":1.0,"turns":1.0},{"damage":0.0,"enemies":"2 Louse","floor":2.0,"turns":1.0},{"damage":0.0,"enemies":"Jaw Worm","floor":4.0,"turns":1.0},{"damage":20.0,"enemies":"3 Sentries","floor":6.0,"turns":6.0},{"damage":30,"enemies":"Gremlin Nob","floor":11,"turns":4},{"damage":22,"enemies":"Gremlin Nob","floor":13,"turns":4},{"damage":5,"enemies":"Lots of Slimes","floor":14,"turns":1}],"seed_played":"-4052839401516520230","potions_obtained":[{"floor":1.0,"key":"SkillPotion"},{"floor":4.0,"key":"CultistPotion"},{"floor":6.0,"key":"SpeedPotion"}],"is_trial":false,"path_per_floor":["M","M","?","M","?","E","?","R","T","?","?","R","E","M"],"character_chosen":"DEFECT","items_purchased":[],"campfire_rested":1,"item_purchase_floors":[],"current_hp_per_floor":[64,64,53,53,53,34,34,34,34,34,5,24,3,0],"gold":318,"neow_bonus":"THREE_ENEMY_KILL","is_prod":false,"is_daily":false,"chose_seed":false,"campfire_upgraded":1,"win_rate":0,"timestamp":1623020782,"path_taken":["M","M","?","M","?","E","?","R","T","?","?","R","E","M"],"build_version":"2020-12-22","purchased_purges":0,"victory":false,"max_hp_per_floor":[71,71,71,71,71,72,72,72,72,65,66,66,67,67],"card_choices":[{"not_picked":["Force Field","FTL"],"picked":"Genetic Algorithm","floor":1.0},{"not_picked":["Chill","Blizzard"],"picked":"Sweeping Beam","floor":2.0},{"not_picked":["Leap","Blizzard"],"picked":"Loop","floor":4.0},{"not_picked":["Static Discharge","Conserve Battery"],"picked":"Streamline","floor":6.0},{"not_picked":["Streamline","Static Discharge"],"picked":"Cold Snap","floor":11},{"not_picked":["Turbo","Rip and Tear"],"picked":"Conserve Battery","floor":13}],"player_experience":4855422,"relics_obtained":[{"floor":6.0,"key":"Juzu Bracelet"},{"floor":9.0,"key":"InkBottle"},{"floor":11,"key":"Centennial Puzzle"},{"floor":13,"key":"Letter Opener"}],"event_choices":[{"damage_healed":0.0,"max_hp_gain":0.0,"max_hp_loss":0.0,"gold_gain":0.0,"event_name":"Scrap Ooze","player_choice":"Success","floor":3.0,"gold_loss":0.0,"damage_taken":11.0,"relics_obtained":["Peace Pipe"]},{"damage_healed":0.0,"max_hp_gain":0.0,"max_hp_loss":0.0,"gold_gain":0.0,"event_name":"FaceTrader","player_choice":"Trade","floor":5.0,"gold_loss":0.0,"damage_taken":0.0,"relics_obtained":["FaceOfCleric"]},{"damage_healed":0.0,"max_hp_gain":0.0,"max_hp_loss":0.0,"gold_gain":50.0,"event_name":"Golden Shrine","player_choice":"Pray","floor":7.0,"gold_loss":0.0,"damage_taken":0.0},{"damage_healed":0.0,"max_hp_gain":0.0,"max_hp_loss":7.0,"gold_gain":0.0,"event_name":"Golden Idol","player_choice":"Lose Max HP","floor":10.0,"gold_loss":0.0,"damage_taken":0.0,"relics_obtained":["Golden Idol"]},{"damage_healed":0,"gold_gain":30,"player_choice":"Searched \u00272\u0027 times","damage_taken":0,"max_hp_gain":0,"max_hp_loss":0,"event_name":"Dead Adventurer","floor":11,"gold_loss":0}],"is_beta":false,"boss_relics":[],"items_purged_floors":[],"is_endless":false,"potions_floor_spawned":[1,4,6],"killed_by":"Lots of Slimes","ascension_level":15}