{"gold_per_floor":[112,112,127,145,145,145,174,189,189,221,236,271,288,298,298,375,375,388,27,46,46,58,58,90,119,119,147,147,160,192,210,210,282,282,300,316,538,538,555,555,353,353,378,396,60,76,76,111,111,111],"floor_reached":51,"playtime":2520,"items_purged":["Strike_B","Zap"],"score":1290,"play_id":"c9c5538f-b9b6-41c6-ac86-d4776d62710f","local_time":"20210618213818","is_ascension_mode":true,"campfire_choices":[{"data":"Go for the Eyes","floor":6.0,"key":"SMITH"},{"data":"Barrage","floor":15.0,"key":"SMITH"},{"data":"Electrodynamics","floor":23.0,"key":"SMITH"},{"data":"Undo","floor":32,"key":"SMITH"},{"data":"Fusion","floor":40,"key":"SMITH"},{"data":"Ball Lightning","floor":42,"key":"SMITH"},{"data":"Loop","floor":47,"key":"SMITH"},{"data":"Seek","floor":49,"key":"SMITH"}],"neow_cost":"NONE","seed_source_timestamp":2883652990800,"circlet_count":0,"master_deck":["AscendersBane","Defend_B","Defend_B","Defend_B","Defend_B","Dualcast","Compile Driver","Go for the Eyes+1","Barrage+1","Self Repair","Chill","Undo+1","Leap","Ball Lightning+1","Electrodynamics+1","Recycle+1","Cold Snap","Blizzard","BootSequence","White Noise","Reinforced Body","Core Surge","Capacitor+1","Fusion+1","Compile Driver+1","Seek+1","Loop+1","Master of Strategy","Hologram"],"special_seed":0,"relics":["Cracked Core","WarpedTongs","Spirit Poop","Emotion Chip","Torii","Ginger","Letter Opener","Velvet Choker","Gremlin Horn","Ornamental Fan","Red Mask","Pantograph","Eternal Feather","Pear","Inserter","Membership Card","Akabeko","Mummified Hand","Vajra","Frozen Egg 2"],"potions_floor_usage":[30,33,39,46,50],"damage_taken":[{"damage":0.0,"enemies":"Small Slimes","floor":1.0,"turns":3.0},{"damage":3.0,"enemies":"Cultist","floor":3.0,"turns":3.0},{"damage":3.0,"enemies":"2 Louse","floor":4.0,"turns":3.0},{"damage":27.0,"enemies":"3 Sentries","floor":7.0,"turns":7.0},{"damage":5.0,"enemies":"Exordium Wildlife","floor":8.0,"turns":3.0},{"damage":17.0,"enemies":"Gremlin Nob","floor":10.0,"turns":5.0},{"damage":0.0,"enemies":"3 Louse","floor":11.0,"turns":3.0},{"damage":16.0,"enemies":"3 Sentries","floor":12.0,"turns":10.0},{"damage":0.0,"enemies":"2 Fungi Beasts","floor":13.0,"turns":3.0},{"damage":14.0,"enemies":"Exordium Thugs","floor":14.0,"turns":3.0},{"damage":6.0,"enemies":"Hexaghost","floor":16.0,"turns":10.0},{"damage":7.0,"enemies":"Shell Parasite","floor":18.0,"turns":4.0},{"damage":0.0,"enemies":"Chosen","floor":20.0,"turns":4.0},{"damage":18.0,"enemies":"Snake Plant","floor":22.0,"turns":4.0},{"damage":21.0,"enemies":"Gremlin Leader","floor":24.0,"turns":4.0},{"damage":0.0,"enemies":"Masked Bandits","floor":25.0,"turns":3.0},{"damage":11.0,"enemies":"Book of Stabbing","floor":27.0,"turns":4.0},{"damage":8,"enemies":"Snecko","floor":29,"turns":5},{"damage":6,"enemies":"Slavers","floor":30,"turns":4},{"damage":0,"enemies":"Centurion and Healer","floor":31,"turns":7},{"damage":6,"enemies":"Champ","floor":33,"turns":12},{"damage":0,"enemies":"Orb Walker","floor":35,"turns":4},{"damage":33,"enemies":"3 Darklings","floor":36,"turns":3},{"damage":1,"enemies":"Spire Growth","floor":39,"turns":7},{"damage":22,"enemies":"Jaw Worm Horde","floor":44,"turns":3},{"damage":18,"enemies":"Transient","floor":46,"turns":5},{"damage":7,"enemies":"Giant Head","floor":48,"turns":9},{"damage":1,"enemies":"Awakened One","floor":50,"turns":13}],"seed_played":"371286365261098168","potions_obtained":[{"floor":1.0,"key":"Dexterity Potion"},{"floor":3.0,"key":"DistilledChaos"},{"floor":12.0,"key":"Strength Potion"},{"floor":13.0,"key":"BlessingOfTheForge"},{"floor":18.0,"key":"DistilledChaos"},{"floor":25.0,"key":"LiquidBronze"},{"floor":29,"key":"CultistPotion"},{"floor":30,"key":"Regen Potion"},{"floor":35,"key":"Swift Potion"},{"floor":44,"key":"FocusPotion"}],"is_trial":false,"path_per_floor":["M","?","M","M","?","R","E","M","T","E","M","E","M","M","R","B",null,"M","$","M","?","M","R","E","?","T","E","?","M","E","M","R","B",null,"M","M","?","?","M","R","$","R","T","M","$","M","R","E","R","B",null],"character_chosen":"DEFECT","items_purchased":["Gremlin Horn","Fire Potion","Membership Card","Loop","Mummified Hand","Vajra","Master of Strategy","Hologram"],"campfire_rested":0,"item_purchase_floors":[19,19,41,45,45,45,45,45],"current_hp_per_floor":[71,71,68,65,65,65,38,33,33,23,30,21,31,24,24,28,66,66,66,73,73,62,62,51,58,58,54,54,53,67,74,86,88,88,88,55,55,55,76,88,88,88,88,73,73,62,77,80,88,87],"gold":111,"neow_bonus":"TEN_PERCENT_HP_BONUS","is_prod":false,"is_daily":false,"chose_seed":false,"campfire_upgraded":8,"win_rate":0,"timestamp":1624077498,"path_taken":["M","?","M","?","?","R","E","?","T","E","M","E","M","M","R","BOSS","M","$","M","?","M","R","E","?","T","E","?","M","E","M","R","BOSS","M","M","?","?","M","R","$","R","T","M","$","M","R","E","R","BOSS"],"build_version":"2020-12-22","purchased_purges":2,"victory":true,"max_hp_per_floor":[78,78,78,78,78,78,78,78,78,78,78,78,78,78,78,78,78,78,78,78,78,78,78,78,78,78,78,78,78,88,88,88,88,88,88,88,88,88,88,88,88,88,88,88,88,88,88,88,88,88],"card_choices":[{"not_picked":["Scrape","Darkness"],"picked":"Compile Driver","floor":1.0},{"not_picked":["Compile Driver","Hologram"],"picked":"Go for the Eyes","floor":3.0},{"not_picked":["Sweeping Beam","Go for the Eyes"],"picked":"Barrage","floor":4.0},{"not_picked":["Meteor Strike","Force Field","Compile Driver"],"picked":"SKIP","floor":7.0},{"not_picked":["Blizzard","Turbo"],"picked":"Self Repair","floor":8.0},{"not_picked":["Compile Driver","Gash"],"picked":"Chill","floor":10.0},{"not_picked":["Beam Cell","Sweeping Beam"],"picked":"Undo","floor":11.0},{"not_picked":["Turbo","Redo"],"picked":"Leap","floor":12.0},{"not_picked":["Hello World","Coolheaded"],"picked":"Ball Lightning","floor":13.0},{"not_picked":["Streamline","Compile Driver","Fusion"],"picked":"SKIP","floor":14.0},{"not_picked":["Creative AI","Echo Form"],"picked":"Electrodynamics","floor":16.0},{"not_picked":["Scrape","Streamline","Go for the Eyes"],"picked":"SKIP","floor":18.0},{"not_picked":["Redo","Stack","Conserve Battery"],"picked":"SKIP","floor":20.0},{"not_picked":["Streamline+1","White Noise"],"picked":"Recycle+1","floor":22.0},{"not_picked":["Conserve Battery","Redo","Machine Learning"],"picked":"SKIP","floor":24.0},{"not_picked":["Steam+1","Ball Lightning"],"picked":"Cold Snap","floor":27.0},{"not_picked":["Ball Lightning","Machine Learning","Sweeping Beam"],"picked":"SKIP","floor":29},{"not_picked":["Steam","Compile Driver","White Noise"],"picked":"SKIP","floor":30},{"not_picked":["Steam","Compile Driver"],"picked":"White Noise","floor":30},{"not_picked":["Doom and Gloom","Cold Snap"],"picked":"Reinforced Body","floor":31},{"not_picked":["Meteor Strike","Fission"],"picked":"Core Surge","floor":33},{"not_picked":["Redo","Streamline"],"picked":"Capacitor+1","floor":35},{"not_picked":["Barrage","Rebound"],"picked":"Fusion","floor":36},{"not_picked":["Hologram","Stack"],"picked":"Compile Driver+1","floor":39},{"not_picked":["Rebound","Static Discharge+1"],"picked":"Seek","floor":44},{"not_picked":["Streamline","Hologram","Melter"],"picked":"SKIP","floor":46},{"not_picked":["Leap","Rip and Tear","Go for the Eyes"],"picked":"SKIP","floor":48}],"player_experience":4886959,"relics_obtained":[{"floor":7.0,"key":"Emotion Chip"},{"floor":9.0,"key":"Torii"},{"floor":10.0,"key":"Ginger"},{"floor":12.0,"key":"Letter Opener"},{"floor":24.0,"key":"Ornamental Fan"},{"floor":25.0,"key":"Red Mask"},{"floor":26.0,"key":"Pantograph"},{"floor":27.0,"key":"Eternal Feather"},{"floor":30,"key":"Pear"},{"floor":43,"key":"Akabeko"},{"floor":48,"key":"Frozen Egg 2"}],"event_choices":[{"damage_healed":0.0,"max_hp_gain":0.0,"max_hp_loss":0.0,"gold_gain":0.0,"event_name":"Accursed Blacksmith","player_choice":"Rummage","floor":2.0,"gold_loss":0.0,"damage_taken":0.0,"relics_obtained":["WarpedTongs"],"cards_obtained":["Pain"]},{"cards_removed":["Pain"],"damage_healed":0.0,"max_hp_gain":0.0,"max_hp_loss":0.0,"gold_gain":0.0,"event_name":"Bonfire Elementals","player_choice":"Offered Curse","floor":5.0,"gold_loss":0.0,"damage_taken":0.0,"relics_obtained":["Spirit Poop"]},{"damage_healed":0.0,"max_hp_gain":0.0,"max_hp_loss":0.0,"gold_gain":0.0,"event_name":"The Mausoleum","player_choice":"Ignored","floor":21.0,"gold_loss":0.0,"damage_taken":0.0},{"damage_healed":0.0,"max_hp_gain":0.0,"max_hp_loss":0.0,"gold_gain":0.0,"event_name":"Masked Bandits","player_choice":"Fought Bandits","floor":25.0,"gold_loss":0.0,"damage_taken":0.0},{"damage_healed":0.0,"max_hp_gain":0.0,"max_hp_loss":0.0,"gold_gain":0.0,"cards_transformed":["Strike_B","Strike_B"],"event_name":"Drug Dealer","player_choice":"Became Test Subject","floor":28.0,"gold_loss":0.0,"damage_taken":0.0,"cards_obtained":["Blizzard","BootSequence"]},{"damage_healed":0,"gold_gain":222,"player_choice":"Wore Mask","damage_taken":0,"max_hp_gain":0,"max_hp_loss":0,"event_name":"Tomb of Lord Red Mask","floor":37,"gold_loss":0},{"cards_removed":["Strike_B"],"damage_healed":0,"gold_gain":0,"player_choice":"Purged","damage_taken":0,"max_hp_gain":0,"max_hp_loss":0,"event_name":"Purifier","floor":38,"gold_loss":0}],"is_beta":false,"boss_relics":[{"not_picked":["Empty Cage","Tiny House"],"picked":"Velvet Choker"},{"not_picked":["Fusion Hammer","SacredBark"],"picked":"Inserter"}],"items_purged_floors":[19,41],"is_endless":false,"potions_floor_spawned":[1,3,12,13,14,18,25,29,30,35,44],"ascension_level":15}