{"gold_per_floor":[212,224,5,23,23,23,35,66,66,84,116,116,116,129,129,201,201,201,126,126,26,26,26,26,26,26,26,26,26,26,26,26,26,26,26,26,26,26,26,26,26,26],"floor_reached":42,"playtime":1176,"items_purged":["Strike_B","Strike_B"],"score":784,"play_id":"53679d7e-8d89-4384-8a79-4615e105050a","local_time":"20211019182915","is_ascension_mode":true,"campfire_choices":[{"data":"Cold Snap","floor":6,"key":"SMITH"},{"data":"Barrage","floor":12,"key":"SMITH"},{"data":"Cold Snap","floor":15,"key":"SMITH"},{"data":"Capacitor","floor":24,"key":"SMITH"},{"floor":27,"key":"REST"},{"floor":32,"key":"REST"},{"data":"Fission","floor":40,"key":"SMITH"}],"neow_cost":"NONE","seed_source_timestamp":41905548308400,"circlet_count":0,"master_deck":["AscendersBane","Defend_B","Defend_B","Defend_B","Zap+1","Dualcast","Steam","Cold Snap+1","Core Surge","Self Repair","Cold Snap+1","Electrodynamics","Barrage+1","Fission+1","Static Discharge","Capacitor+1","Hologram+1","Buffer","Doom and Gloom","Creative AI","Genetic Algorithm+1","Coolheaded+1"],"relics":["Cracked Core","Darkstone Periapt","Pear","Letter Opener","Ectoplasm","Oddly Smooth Stone","Regal Pillow","Ice Cream","Juzu Bracelet","Inserter"],"potions_floor_usage":[8,23],"damage_taken":[{"damage":2,"enemies":"Jaw Worm","floor":1,"turns":3},{"damage":0,"enemies":"Small Slimes","floor":2,"turns":3},{"damage":0,"enemies":"Cultist","floor":4,"turns":3},{"damage":0,"enemies":"Exordium Wildlife","floor":7,"turns":2},{"damage":20,"enemies":"Gremlin Nob","floor":8,"turns":4},{"damage":3,"enemies":"Blue Slaver","floor":10,"turns":3},{"damage":24,"enemies":"Lagavulin","floor":11,"turns":6},{"damage":7,"enemies":"Exordium Thugs","floor":14,"turns":4},{"damage":19,"enemies":"The Guardian","floor":16,"turns":11},{"damage":14,"enemies":"Chosen","floor":18,"turns":5},{"damage":7,"enemies":"3 Byrds","floor":20,"turns":3},{"damage":29,"enemies":"Slavers","floor":23,"turns":3},{"damage":11,"enemies":"Sentry and Sphere","floor":25,"turns":4},{"damage":23,"enemies":"Gremlin Leader","floor":28,"turns":6},{"damage":14,"enemies":"Snake Plant","floor":29,"turns":5},{"damage":13,"enemies":"Centurion and Healer","floor":31,"turns":5},{"damage":38,"enemies":"Collector","floor":33,"turns":8},{"damage":21,"enemies":"Orb Walker","floor":35,"turns":5},{"damage":39,"enemies":"3 Darklings","floor":38,"turns":5},{"damage":15,"enemies":"4 Shapes","floor":41,"turns":3},{"damage":33,"enemies":"Jaw Worm Horde","floor":42,"turns":2}],"seed_played":"2376115769940888722","potions_obtained":[{"floor":7,"key":"BlessingOfTheForge"},{"floor":10,"key":"SpeedPotion"},{"floor":14,"key":"Energy Potion"},{"floor":16,"key":"BlessingOfTheForge"},{"floor":18,"key":"PowerPotion"},{"floor":29,"key":"EssenceOfSteel"},{"floor":35,"key":"LiquidBronze"}],"is_trial":false,"path_per_floor":["M","M","$","M","?","R","M","E","T","M","E","R","?","M","R","B",null,"M","?","M","$","?","E","R","M","T","R","E","M","?","M","R","B",null,"M","?","?","M","?","R","M","M"],"character_chosen":"DEFECT","items_purchased":["Core Surge"],"campfire_rested":2,"item_purchase_floors":[3],"current_hp_per_floor":[62,62,62,62,62,62,62,42,52,56,39,39,32,32,32,20,66,59,59,59,59,59,37,37,33,33,72,56,49,49,43,81,50,73,59,59,59,27,27,27,19,0],"gold":26,"neow_bonus":"HUNDRED_GOLD","is_prod":false,"is_daily":false,"chose_seed":false,"campfire_upgraded":5,"win_rate":0,"timestamp":1634693355,"path_taken":["M","M","$","M","?","R","M","E","T","M","E","R","?","M","R","BOSS","M","?","?","$","?","E","R","M","T","R","E","M","?","M","R","BOSS","M","?","?","M","?","R","M","M"],"build_version":"2020-12-22","purchased_purges":2,"victory":false,"max_hp_per_floor":[71,71,71,71,71,71,71,71,81,81,81,81,81,81,81,81,81,81,81,81,81,81,81,81,81,81,81,81,81,81,81,81,81,81,81,81,81,81,81,81,81,81],"card_choices":[{"not_picked":["Stack","Hologram"],"picked":"Steam","floor":1},{"not_picked":["Double Energy","Sweeping Beam"],"picked":"Cold Snap","floor":2},{"not_picked":["Conserve Battery","All For One"],"picked":"Self Repair","floor":4},{"not_picked":["Fusion","FTL"],"picked":"Cold Snap","floor":7},{"not_picked":["Cold Snap","Steam"],"picked":"Electrodynamics","floor":8},{"not_picked":["Streamline","Static Discharge","Hologram"],"picked":"SKIP","floor":10},{"not_picked":["Leap","Coolheaded"],"picked":"Barrage","floor":11},{"not_picked":["Leap","Steam","Turbo"],"picked":"SKIP","floor":14},{"not_picked":["Electrodynamics","Amplify"],"picked":"Fission","floor":16},{"not_picked":["Redo","Tempest+1"],"picked":"Static Discharge","floor":18},{"not_picked":["Storm","Cold Snap","Stack"],"picked":"SKIP","floor":20},{"not_picked":["Reinforced Body+1","Go for the Eyes"],"picked":"Capacitor","floor":23},{"not_picked":["Leap","Conserve Battery"],"picked":"Hologram+1","floor":25},{"not_picked":["Leap","Redo"],"picked":"Buffer","floor":28},{"not_picked":["Heatsinks","Stack","Rip and Tear"],"picked":"SKIP","floor":29},{"not_picked":["Heatsinks","Storm"],"picked":"Doom and Gloom","floor":31},{"not_picked":["Fission","Core Surge"],"picked":"Creative AI","floor":33},{"not_picked":["Hologram","Scrape"],"picked":"Genetic Algorithm+1","floor":35},{"not_picked":["Cold Snap","Barrage","Redo"],"picked":"SKIP","floor":38},{"not_picked":["Hologram","Conserve Battery+1"],"picked":"Coolheaded+1","floor":41}],"player_experience":4952951,"relics_obtained":[{"floor":8,"key":"Darkstone Periapt"},{"floor":9,"key":"Pear"},{"floor":11,"key":"Letter Opener"},{"floor":23,"key":"Oddly Smooth Stone"},{"floor":26,"key":"Regal Pillow"},{"floor":28,"key":"Ice Cream"}],"event_choices":[{"damage_healed":0,"gold_gain":0,"player_choice":"Grow","damage_taken":0,"max_hp_gain":0,"max_hp_loss":0,"event_name":"Living Wall","floor":5,"gold_loss":0,"cards_upgraded":["Zap"]},{"cards_removed":["Strike_B"],"damage_healed":0,"gold_gain":0,"player_choice":"Card Removal","damage_taken":7,"max_hp_gain":0,"max_hp_loss":0,"event_name":"Golden Wing","floor":13,"gold_loss":0},{"cards_removed":["Strike_B"],"damage_healed":0,"gold_gain":0,"player_choice":"Single Remove","damage_taken":0,"max_hp_gain":0,"max_hp_loss":0,"event_name":"Designer","floor":19,"gold_loss":75},{"damage_healed":0,"gold_gain":0,"player_choice":"Ignored","damage_taken":0,"max_hp_gain":0,"max_hp_loss":0,"event_name":"Cursed Tome","floor":22,"gold_loss":0},{"damage_healed":0,"gold_gain":0,"player_choice":"Gave Potion","damage_taken":0,"relics_obtained":["Juzu Bracelet"],"max_hp_gain":0,"max_hp_loss":0,"event_name":"WeMeetAgain","floor":30,"gold_loss":0},{"damage_healed":0,"gold_gain":0,"player_choice":"Memory 1","damage_taken":0,"max_hp_gain":0,"max_hp_loss":0,"event_name":"SensoryStone","floor":36,"gold_loss":0},{"cards_removed":["Defend_B"],"damage_healed":0,"gold_gain":0,"player_choice":"Removed Skill","damage_taken":0,"max_hp_gain":0,"max_hp_loss":0,"event_name":"Falling","floor":37,"gold_loss":0},{"damage_healed":0,"gold_gain":50,"player_choice":"Pray","damage_taken":0,"max_hp_gain":0,"max_hp_loss":0,"event_name":"Golden Shrine","floor":39,"gold_loss":0}],"is_beta":false,"boss_relics":[{"not_picked":["Runic Dome","SacredBark"],"picked":"Ectoplasm"},{"not_picked":["Coffee Dripper","Velvet Choker"],"picked":"Inserter"}],"items_purged_floors":[3,21],"is_endless":false,"potions_floor_spawned":[7,10,14,16,18,20,29,35],"killed_by":"Jaw Worm Horde","ascension_level":15}