{"gold_per_floor":[113,263,283,159,177,209,209,241,241,221,238,272,285,303,303,377,377,397,409,158,158,158,184,194,222,247,247,522,92,109,139,139,210,210,225,40,40,118,118,152,152,183,183,212,58,76,106,139,139,139],"floor_reached":51,"playtime":2714,"items_purged":["Doubt","Strike_B","Strike_B"],"score":1615,"play_id":"5ed17c49-dd4d-48fd-81fb-648fc4a5da04","local_time":"20211026200955","is_ascension_mode":true,"campfire_choices":[{"data":"Zap","floor":7.0,"key":"SMITH"},{"data":"Static Discharge","floor":15.0,"key":"SMITH"},{"floor":27.0,"key":"REST"},{"floor":32.0,"key":"REST"},{"floor":41.0,"key":"REST"},{"floor":49,"key":"REST"}],"neow_cost":"NONE","seed_source_timestamp":41219202727600,"circlet_count":0,"master_deck":["AscendersBane","Defend_B","Defend_B","Defend_B","Defend_B","Zap+1","Dualcast","Compile Driver","Ball Lightning","Sweeping Beam","Streamline","Cold Snap","Chill","Reinforced Body","Undo","Static Discharge+1","Biased Cognition","Loop","Melter","Machine Learning","Thunder Strike","Stack+1","Consume+1","Self Repair","Leap+1","Buffer+1","Cold Snap+1","Skim+1","Multi-Cast+1","Darkness+1","Undo+1"],"special_seed":0,"relics":["Cracked Core","Tiny Chest","White Beast Statue","Omamori","Pocketwatch","Fusion Hammer","Lee\u0027s Waffle","Emotion Chip","Bronze Scales","WingedGreaves","Dream Catcher","Toxic Egg 2","Blue Candle","Velvet Choker","Bag of Marbles","Symbiotic Virus","Vajra","Regal Pillow","Orichalcum","Mercury Hourglass","ClockworkSouvenir","Prayer Wheel","Sundial"],"potions_floor_usage":[],"damage_taken":[{"damage":3.0,"enemies":"Jaw Worm","floor":1.0,"turns":4.0},{"damage":2.0,"enemies":"Small Slimes","floor":3.0,"turns":4.0},{"damage":0.0,"enemies":"Cultist","floor":5.0,"turns":3.0},{"damage":25.0,"enemies":"Lagavulin","floor":6.0,"turns":7.0},{"damage":10.0,"enemies":"Gremlin Nob","floor":8.0,"turns":3.0},{"damage":9.0,"enemies":"Red Slaver","floor":11.0,"turns":2.0},{"damage":13.0,"enemies":"Lagavulin","floor":12.0,"turns":7.0},{"damage":0.0,"enemies":"2 Fungi Beasts","floor":13.0,"turns":3.0},{"damage":0.0,"enemies":"Looter","floor":14.0,"turns":4.0},{"damage":8.0,"enemies":"Hexaghost","floor":16.0,"turns":8.0},{"damage":22.0,"enemies":"2 Thieves","floor":18.0,"turns":3.0},{"damage":2.0,"enemies":"3 Byrds","floor":19.0,"turns":4.0},{"damage":25.0,"enemies":"Slavers","floor":23.0,"turns":4.0},{"damage":7.0,"enemies":"Snake Plant","floor":24.0,"turns":4.0},{"damage":15.0,"enemies":"Book of Stabbing","floor":25.0,"turns":5.0},{"damage":5.0,"enemies":"Cultist and Chosen","floor":30.0,"turns":5.0},{"damage":9.0,"enemies":"Gremlin Leader","floor":31.0,"turns":5.0},{"damage":35.0,"enemies":"Collector","floor":33.0,"turns":11.0},{"damage":7.0,"enemies":"Orb Walker","floor":35.0,"turns":4.0},{"damage":38.0,"enemies":"Reptomancer","floor":40.0,"turns":8.0},{"damage":0.0,"enemies":"Giant Head","floor":42.0,"turns":8.0},{"damage":30.0,"enemies":"Reptomancer","floor":44.0,"turns":9.0},{"damage":0.0,"enemies":"3 Darklings","floor":46.0,"turns":4.0},{"damage":14.0,"enemies":"Nemesis","floor":47.0,"turns":5.0},{"damage":0,"enemies":"Giant Head","floor":48,"turns":7},{"damage":25,"enemies":"Awakened One","floor":50,"turns":17}],"seed_played":"-631981461195118612","potions_obtained":[{"floor":1.0,"key":"Strength Potion"},{"floor":6.0,"key":"EssenceOfSteel"},{"floor":12.0,"key":"ColorlessPotion"},{"floor":13.0,"key":"DistilledChaos"},{"floor":16.0,"key":"Energy Potion"},{"floor":23.0,"key":"SpeedPotion"},{"floor":24.0,"key":"Block Potion"},{"floor":25.0,"key":"PotionOfCapacity"},{"floor":31.0,"key":"Strength Potion"},{"floor":33.0,"key":"AttackPotion"},{"floor":35.0,"key":"FairyPotion"},{"floor":40.0,"key":"PotionOfCapacity"},{"floor":42.0,"key":"Regen Potion"},{"floor":44.0,"key":"DistilledChaos"}],"is_trial":false,"path_per_floor":["M","?","M","$","M","E","R","E","T","?","M","E","M","M","R","B",null,"M","M","$","?","T","E","M","E","T","R","?","$","M","E","R","B",null,"M","$","?","T","?","E","R","E","T","E","$","M","E","E","R","B",null],"character_chosen":"DEFECT","items_purchased":["Explosive Potion","Lee\u0027s Waffle","Toxic Egg 2","Stack+1","Skim+1","Bag of Marbles","ClockworkSouvenir"],"campfire_rested":4,"item_purchase_floors":[4,20,29,29,36,36,45],"current_hp_per_floor":[68,68,66,66,66,41,41,31,31,31,22,9,9,9,9,1,59,37,35,85,85,85,60,53,38,38,63,63,63,58,49,74,46,75,75,75,75,75,75,44,69,76,76,64,64,71,64,71,85,67],"gold":139,"neow_bonus":"TEN_PERCENT_HP_BONUS","is_prod":false,"is_daily":false,"chose_seed":false,"campfire_upgraded":2,"win_rate":0,"timestamp":1635304195,"path_taken":["M","?","M","$","M","E","R","E","T","?","M","E","M","?","R","BOSS","M","M","$","?","?","E","M","E","T","R","?","$","?","E","R","BOSS","M","$","?","?","?","E","R","E","T","E","$","?","E","E","R","BOSS"],"build_version":"2020-12-22","purchased_purges":3,"victory":true,"max_hp_per_floor":[78,78,78,78,78,78,78,78,78,78,78,78,78,78,78,78,78,78,78,85,85,85,85,85,85,85,85,85,85,85,85,85,85,85,85,85,85,85,85,85,85,85,85,85,85,85,85,85,85,85],"card_choices":[{"not_picked":["Skim","Melter"],"picked":"Compile Driver","floor":1.0},{"not_picked":["Conserve Battery","Rebound"],"picked":"Ball Lightning","floor":3.0},{"not_picked":["Conserve Battery","Hologram"],"picked":"Sweeping Beam","floor":5.0},{"not_picked":["Skim","FTL"],"picked":"Streamline","floor":6.0},{"not_picked":["Compile Driver","FTL"],"picked":"Cold Snap","floor":8.0},{"not_picked":["Blizzard","Hello World"],"picked":"Chill","floor":11.0},{"not_picked":["Rebound","Doom and Gloom"],"picked":"Reinforced Body","floor":12.0},{"not_picked":["Go for the Eyes","Stack"],"picked":"Undo","floor":13.0},{"not_picked":["Hyperbeam","Reprogram"],"picked":"Static Discharge","floor":14.0},{"not_picked":["Reboot","Creative AI"],"picked":"Biased Cognition","floor":16.0},{"not_picked":["Sweeping Beam","Hologram"],"picked":"Loop","floor":18.0},{"not_picked":["Scrape+1","Storm","Beam Cell"],"picked":"SKIP","floor":19.0},{"not_picked":["Stack","Steam+1"],"picked":"Thunder Strike","floor":23.0},{"not_picked":["Turbo","Go for the Eyes","Coolheaded"],"picked":"SKIP","floor":24.0},{"not_picked":["Turbo","Beam Cell","Tempest"],"picked":"SKIP","floor":25.0},{"not_picked":["Recycle+1","Creative AI"],"picked":"Consume+1","floor":30.0},{"not_picked":["Redo+1","Sweeping Beam+1"],"picked":"Self Repair","floor":31.0},{"not_picked":["Go for the Eyes","Ball Lightning"],"picked":"Leap+1","floor":32.0},{"not_picked":["Reboot+1","All For One"],"picked":"Buffer","floor":33.0},{"not_picked":["Ball Lightning","Chill+1"],"picked":"Cold Snap+1","floor":35.0},{"not_picked":["Steam Power+1","Hello World"],"picked":"Multi-Cast+1","floor":40.0},{"not_picked":["Leap+1","Go for the Eyes"],"picked":"Darkness+1","floor":42.0},{"not_picked":["Storm","Sweeping Beam+1"],"picked":"Undo+1","floor":44.0},{"not_picked":["Chill+1","Steam+1","Melter"],"picked":"SKIP","floor":46.0},{"not_picked":["Chill+1","Redo+1","Cold Snap"],"picked":"SKIP","floor":47.0},{"not_picked":["Biased Cognition","Streamline","Sweeping Beam"],"picked":"SKIP","floor":48}],"player_experience":4963844,"relics_obtained":[{"floor":6.0,"key":"Tiny Chest"},{"floor":8.0,"key":"White Beast Statue"},{"floor":9.0,"key":"Omamori"},{"floor":12.0,"key":"Pocketwatch"},{"floor":22.0,"key":"Emotion Chip"},{"floor":23.0,"key":"Bronze Scales"},{"floor":25.0,"key":"WingedGreaves"},{"floor":26.0,"key":"Dream Catcher"},{"floor":31.0,"key":"Blue Candle"},{"floor":38.0,"key":"Symbiotic Virus"},{"floor":40.0,"key":"Vajra"},{"floor":42.0,"key":"Regal Pillow"},{"floor":43.0,"key":"Orichalcum"},{"floor":44.0,"key":"Mercury Hourglass"},{"floor":47.0,"key":"Prayer Wheel"},{"floor":48,"key":"Sundial"}],"event_choices":[{"damage_healed":0.0,"max_hp_gain":0.0,"max_hp_loss":0.0,"gold_gain":150.0,"event_name":"Liars Game","player_choice":"AGREE","floor":2.0,"gold_loss":0.0,"damage_taken":0.0,"cards_obtained":["Doubt"]},{"damage_healed":0.0,"max_hp_gain":0.0,"max_hp_loss":0.0,"gold_gain":0.0,"event_name":"The Woman in Blue","player_choice":"Bought 1 Potion","floor":10.0,"gold_loss":0.0,"damage_taken":0.0},{"damage_healed":0.0,"max_hp_gain":0.0,"max_hp_loss":0.0,"gold_gain":0.0,"cards_transformed":["Strike_B","Strike_B"],"event_name":"Drug Dealer","player_choice":"Became Test Subject","floor":21.0,"gold_loss":0.0,"damage_taken":0.0,"cards_obtained":["Melter","Machine Learning"]},{"damage_healed":0.0,"max_hp_gain":0.0,"max_hp_loss":0.0,"gold_gain":275.0,"event_name":"Golden Shrine","player_choice":"Desecrate","floor":28.0,"gold_loss":0.0,"damage_taken":0.0,"cards_obtained":["Regret"]},{"damage_healed":0.0,"max_hp_gain":0.0,"max_hp_loss":0.0,"gold_gain":0.0,"event_name":"SensoryStone","player_choice":"Memory 1","floor":37.0,"gold_loss":0.0,"damage_taken":0.0},{"damage_healed":0.0,"max_hp_gain":0.0,"max_hp_loss":0.0,"gold_gain":0.0,"event_name":"Upgrade Shrine","player_choice":"Upgraded","floor":39.0,"gold_loss":0.0,"damage_taken":0.0,"cards_upgraded":["Buffer"]}],"is_beta":false,"boss_relics":[{"not_picked":["Pandora\u0027s Box","Astrolabe"],"picked":"Fusion Hammer"},{"not_picked":["Tiny House","Busted Crown"],"picked":"Velvet Choker"}],"items_purged_floors":[4,20,29],"is_endless":false,"potions_floor_spawned":[1,6,11,12,13,14,16,18,19,23,24,25,30,31,33,35,40,42,44,46,47,48],"ascension_level":15}