{"gold_per_floor":[110,120,131,131,148,178,178,212,237,270,280,292,292,292,292,371,371,386,386,404,176,193,193,223,223,223,233,233,283,38,67,67,67],"floor_reached":33,"playtime":1228,"items_purged":["Strike_B","Strike_B"],"score":534,"play_id":"ada00ac9-09c9-4b35-84a5-e789f70a0345","local_time":"20211110222032","is_ascension_mode":true,"campfire_choices":[{"floor":7.0,"key":"REST"},{"data":"Defragment","floor":13.0,"key":"SMITH"},{"floor":15.0,"key":"REST"},{"data":"Sweeping Beam","floor":23.0,"key":"SMITH"},{"floor":32,"key":"REST"}],"neow_cost":"NONE","seed_source_timestamp":50575859943100,"circlet_count":0,"master_deck":["AscendersBane","Strike_B","Strike_B","Defend_B+1","Defend_B","Defend_B","Defend_B","Zap+1","Dualcast","Conserve Battery","Defragment+1","Sweeping Beam+1","Sweeping Beam+1","Glacier","Static Discharge","Self Repair","Cold Snap","Genetic Algorithm","Fission","Loop","Skim","Chaos+1","Compile Driver"],"special_seed":0,"relics":["Cracked Core","CaptainsWheel","Art of War","Omamori","Pen Nib","Du-Vu Doll","Velvet Choker","ClockworkSouvenir","White Beast Statue","Enchiridion","Shuriken","Potion Belt","Unceasing Top"],"potions_floor_usage":[33],"damage_taken":[{"damage":0.0,"enemies":"Cultist","floor":1.0,"turns":3.0},{"damage":0.0,"enemies":"2 Louse","floor":2.0,"turns":1.0},{"damage":0.0,"enemies":"Small Slimes","floor":3.0,"turns":4.0},{"damage":2.0,"enemies":"2 Fungi Beasts","floor":5.0,"turns":3.0},{"damage":15.0,"enemies":"3 Sentries","floor":6.0,"turns":5.0},{"damage":23.0,"enemies":"Gremlin Nob","floor":8.0,"turns":5.0},{"damage":9.0,"enemies":"3 Sentries","floor":10.0,"turns":7.0},{"damage":5.0,"enemies":"Large Slime","floor":11.0,"turns":6.0},{"damage":8.0,"enemies":"Looter","floor":12.0,"turns":3.0},{"damage":2.0,"enemies":"The Guardian","floor":16.0,"turns":14.0},{"damage":0.0,"enemies":"Spheric Guardian","floor":18.0,"turns":5.0},{"damage":0.0,"enemies":"Chosen","floor":20.0,"turns":8.0},{"damage":5.0,"enemies":"Snake Plant","floor":22.0,"turns":5.0},{"damage":25.0,"enemies":"Slavers","floor":24.0,"turns":6.0},{"damage":0.0,"enemies":"Centurion and Healer","floor":27.0,"turns":7.0},{"damage":31,"enemies":"Book of Stabbing","floor":31,"turns":5},{"damage":77,"enemies":"Champ","floor":33,"turns":11}],"seed_played":"-6039960411530632202","potions_obtained":[{"floor":3.0,"key":"Ancient Potion"},{"floor":5.0,"key":"EssenceOfDarkness"},{"floor":8.0,"key":"LiquidMemories"},{"floor":20.0,"key":"SteroidPotion"},{"floor":31,"key":"Strength Potion"}],"is_trial":false,"path_per_floor":["M","M","M","?","M","E","R","E","T","E","M","M","R","?","R","B",null,"M","?","M","$","M","R","E","?","T","M","?","?","$","E","R","B"],"character_chosen":"DEFECT","items_purchased":["ClockworkSouvenir","Potion Belt"],"campfire_rested":3,"item_purchase_floors":[21,30],"current_hp_per_floor":[64,64,64,43,41,26,47,24,24,15,17,16,16,16,37,42,64,71,71,71,71,71,71,53,32,32,39,53,53,53,29,50,0],"gold":67,"neow_bonus":"UPGRADE_CARD","is_prod":false,"is_daily":false,"chose_seed":false,"campfire_upgraded":2,"win_rate":0,"timestamp":1636611632,"path_taken":["M","M","?","?","M","E","R","E","T","E","M","M","R","?","R","BOSS","M","?","?","$","M","R","E","?","T","M","?","?","$","E","R","BOSS"],"build_version":"2020-12-22","purchased_purges":2,"victory":false,"max_hp_per_floor":[71,71,71,71,71,71,71,71,71,71,71,71,71,71,71,71,71,71,71,71,71,71,71,71,71,71,71,71,71,71,71,71,71],"card_choices":[{"not_picked":["Auto Shields","Rebound"],"picked":"Conserve Battery","floor":1.0},{"not_picked":["Coolheaded","Barrage"],"picked":"Defragment","floor":2.0},{"not_picked":["Compile Driver","Rebound"],"picked":"Sweeping Beam","floor":3.0},{"not_picked":["Reprogram","Heatsinks"],"picked":"Sweeping Beam","floor":5.0},{"not_picked":["FTL","Reinforced Body"],"picked":"Glacier","floor":6.0},{"not_picked":["Reinforced Body","Melter"],"picked":"Static Discharge","floor":8.0},{"not_picked":["Beam Cell","Steam"],"picked":"Self Repair","floor":10.0},{"not_picked":["Redo","Stack"],"picked":"Cold Snap","floor":11.0},{"not_picked":["Consume","Creative AI"],"picked":"Genetic Algorithm","floor":12.0},{"not_picked":["Machine Learning","Multi-Cast"],"picked":"Fission","floor":16.0},{"not_picked":["Steam","Heatsinks","Hologram"],"picked":"SKIP","floor":18.0},{"not_picked":["Rebound","Scrape"],"picked":"Loop","floor":20.0},{"not_picked":["Static Discharge","Steam Power"],"picked":"Skim","floor":22.0},{"not_picked":["Conserve Battery","Redo"],"picked":"Chaos+1","floor":24.0},{"not_picked":["Compile Driver","Storm","Steam"],"picked":"SKIP","floor":27.0},{"not_picked":["Storm","Steam"],"picked":"Compile Driver","floor":27.0},{"not_picked":["Fusion","Doom and Gloom","Leap"],"picked":"SKIP","floor":31}],"player_experience":4979966,"relics_obtained":[{"floor":6.0,"key":"CaptainsWheel"},{"floor":8.0,"key":"Art of War"},{"floor":9.0,"key":"Omamori"},{"floor":10.0,"key":"Pen Nib"},{"floor":14.0,"key":"Du-Vu Doll"},{"floor":24.0,"key":"White Beast Statue"},{"floor":25.0,"key":"Enchiridion"},{"floor":26.0,"key":"Shuriken"},{"floor":31,"key":"Unceasing Top"}],"event_choices":[{"damage_healed":0.0,"max_hp_gain":0.0,"max_hp_loss":0.0,"gold_gain":0.0,"event_name":"Shining Light","player_choice":"Entered Light","floor":4.0,"gold_loss":0.0,"damage_taken":21.0,"cards_upgraded":["Sweeping Beam","Defend_B"]},{"damage_healed":0.0,"max_hp_gain":0.0,"max_hp_loss":0.0,"gold_gain":0.0,"event_name":"Wheel of Change","player_choice":"Relic","floor":14.0,"gold_loss":0.0,"damage_taken":0.0},{"damage_healed":0.0,"max_hp_gain":0.0,"max_hp_loss":0.0,"gold_gain":0.0,"event_name":"Wheel of Change","player_choice":"Cursed","floor":19.0,"gold_loss":0.0,"damage_taken":0.0,"cards_obtained":["Decay"]},{"damage_healed":0.0,"max_hp_gain":0.0,"max_hp_loss":0.0,"gold_gain":0.0,"event_name":"Cursed Tome","player_choice":"Obtained Book","floor":25.0,"gold_loss":0.0,"damage_taken":21.0},{"damage_healed":14,"gold_gain":0,"player_choice":"Heal","damage_taken":0,"max_hp_gain":0,"max_hp_loss":0,"event_name":"The Library","floor":28,"gold_loss":0},{"damage_healed":0,"gold_gain":50,"player_choice":"Stole From Cult","damage_taken":0,"max_hp_gain":0,"max_hp_loss":0,"event_name":"Nest","floor":29,"gold_loss":0}],"is_beta":false,"boss_relics":[{"not_picked":["Pandora\u0027s Box","Busted Crown"],"picked":"Velvet Choker"}],"items_purged_floors":[21,30],"is_endless":false,"potions_floor_spawned":[3,5,8,20,22,24,27,31],"killed_by":"Champ","ascension_level":15}