{"gold_per_floor":[113,113,128,141,141,174,174,189,212,237,262,262,33,67,67,156,156,169,169,169,169,182,222,236,236,236,156,179,202,202,227,227,320,320,338,352,352],"floor_reached":37,"playtime":1492,"items_purged":["Strike_B"],"score":789,"play_id":"d87122de-3926-4dc3-95dc-f7c31ff9f4d6","local_time":"20211104221747","is_ascension_mode":true,"campfire_choices":[{"data":"Cold Snap","floor":7.0,"key":"SMITH"},{"data":"Go for the Eyes","floor":12.0,"key":"SMITH"},{"data":"Streamline","floor":15.0,"key":"SMITH"},{"floor":30,"key":"REST"},{"data":"Consume","floor":32,"key":"SMITH"}],"neow_cost":"NONE","seed_source_timestamp":120532518225100,"circlet_count":0,"master_deck":["AscendersBane","Strike_B+1","Strike_B+1","Strike_B+1","Defend_B+1","Defend_B+1","Defend_B+1","Defend_B+1","Zap+1","Dualcast","Cold Snap+1","Conserve Battery","Compile Driver","Steam","Streamline+1","Chill","Go for the Eyes+1","Buffer","Genetic Algorithm","Undo","Consume+1","Core Surge","Coolheaded","Electrodynamics","Creative AI","Ball Lightning+1"],"special_seed":0,"relics":["Cracked Core","Golden Idol","Omamori","Oddly Smooth Stone","Runic Capacitor","Smiling Mask","Nuclear Battery","Nilry\u0027s Codex","Question Card","Happy Flower","Sozu"],"potions_floor_usage":[29,33],"damage_taken":[{"damage":0.0,"enemies":"Small Slimes","floor":1.0,"turns":3.0},{"damage":7.0,"enemies":"Jaw Worm","floor":3.0,"turns":3.0},{"damage":0.0,"enemies":"Cultist","floor":4.0,"turns":3.0},{"damage":29.0,"enemies":"Gremlin Nob","floor":6.0,"turns":4.0},{"damage":6.0,"enemies":"Lots of Slimes","floor":8.0,"turns":4.0},{"damage":3.0,"enemies":"Exordium Thugs","floor":10.0,"turns":4.0},{"damage":0.0,"enemies":"2 Fungi Beasts","floor":11.0,"turns":3.0},{"damage":0.0,"enemies":"3 Sentries","floor":14.0,"turns":8.0},{"damage":4.0,"enemies":"Hexaghost","floor":16.0,"turns":8.0},{"damage":1.0,"enemies":"Spheric Guardian","floor":18.0,"turns":4.0},{"damage":0.0,"enemies":"3 Byrds","floor":22.0,"turns":6.0},{"damage":14.0,"enemies":"Gremlin Leader","floor":23.0,"turns":6.0},{"damage":0.0,"enemies":"Centurion and Healer","floor":24.0,"turns":7.0},{"damage":3,"enemies":"3 Cultists","floor":29,"turns":7},{"damage":8,"enemies":"Snake Plant","floor":31,"turns":5},{"damage":6,"enemies":"Champ","floor":33,"turns":17},{"damage":26,"enemies":"3 Shapes","floor":35,"turns":3},{"damage":4,"enemies":"Orb Walker","floor":36,"turns":4},{"damage":24,"enemies":"3 Darklings","floor":37,"turns":2}],"seed_played":"389753912224331312","potions_obtained":[{"floor":3.0,"key":"Energy Potion"},{"floor":6.0,"key":"FocusPotion"},{"floor":11.0,"key":"Fire Potion"},{"floor":16.0,"key":"Ancient Potion"},{"floor":22.0,"key":"Explosive Potion"},{"floor":23.0,"key":"LiquidMemories"},{"floor":29,"key":"PotionOfCapacity"}],"is_trial":false,"path_per_floor":["M","?","M","M","?","E","R","M","T","M","M","R","$","E","R","B",null,"M","?","?","?","M","E","M","$","T","$","T","M","R","M","R","B",null,"M","M","M"],"character_chosen":"DEFECT","items_purchased":["Runic Capacitor","Core Surge"],"campfire_rested":1,"item_purchase_floors":[13,27],"current_hp_per_floor":[64,64,57,57,57,28,28,22,22,19,19,19,19,19,19,15,52,51,30,30,30,30,16,16,16,16,16,16,13,32,24,24,18,53,27,23,0],"gold":352,"neow_bonus":"UPGRADE_CARD","is_prod":false,"is_daily":false,"chose_seed":false,"campfire_upgraded":4,"win_rate":0,"timestamp":1636089467,"path_taken":["M","?","M","M","?","E","R","M","T","M","M","R","$","E","R","BOSS","M","?","?","?","M","E","M","$","T","$","?","M","R","M","R","BOSS","M","?","M"],"build_version":"2020-12-22","purchased_purges":1,"victory":false,"max_hp_per_floor":[71,64,64,64,64,64,64,64,64,64,64,64,64,64,64,64,64,64,64,64,64,64,64,64,64,64,64,64,64,64,64,64,64,64,64,64,64],"card_choices":[{"not_picked":["Rebound","Conserve Battery"],"picked":"Cold Snap","floor":1.0},{"not_picked":["Steam","Leap"],"picked":"Conserve Battery","floor":3.0},{"not_picked":["Consume","Darkness"],"picked":"Compile Driver","floor":4.0},{"not_picked":["Hologram","Conserve Battery"],"picked":"Steam","floor":6.0},{"not_picked":["Double Energy","Hello World"],"picked":"Streamline","floor":8.0},{"not_picked":["Melter","Hello World"],"picked":"Chill","floor":10.0},{"not_picked":["Compile Driver","Multi-Cast"],"picked":"Go for the Eyes","floor":11.0},{"not_picked":["Stack","Compile Driver","Hello World"],"picked":"SKIP","floor":14.0},{"not_picked":["Fission","Meteor Strike"],"picked":"Buffer","floor":16.0},{"not_picked":["Beam Cell","Cold Snap"],"picked":"Genetic Algorithm","floor":18.0},{"not_picked":["Leap","Stack","Auto Shields+1"],"picked":"SKIP","floor":22.0},{"not_picked":["Melter","Force Field"],"picked":"Undo","floor":23.0},{"not_picked":["Ball Lightning","Fusion","Barrage"],"picked":"Consume","floor":24.0},{"not_picked":["Consume","Genetic Algorithm","Leap+1"],"picked":"Coolheaded","floor":29},{"not_picked":["Gash","Conserve Battery+1","Compile Driver+1"],"picked":"Electrodynamics","floor":31},{"not_picked":["Hyperbeam","Reboot","Multi-Cast"],"picked":"Creative AI","floor":33},{"not_picked":["Rebound","Steam","Hello World"],"picked":"Ball Lightning+1","floor":35},{"not_picked":["Melter+1","Ball Lightning","Consume","Auto Shields"],"picked":"SKIP","floor":36}],"player_experience":4974937,"relics_obtained":[{"floor":6.0,"key":"Omamori"},{"floor":9.0,"key":"Oddly Smooth Stone"},{"floor":14.0,"key":"Smiling Mask"},{"floor":19.0,"key":"Nilry\u0027s Codex"},{"floor":23.0,"key":"Question Card"},{"floor":28.0,"key":"Happy Flower"}],"event_choices":[{"damage_healed":0.0,"max_hp_gain":0.0,"max_hp_loss":7.0,"gold_gain":0.0,"event_name":"Golden Idol","player_choice":"Lose Max HP","floor":2.0,"gold_loss":0.0,"damage_taken":0.0,"relics_obtained":["Golden Idol"]},{"damage_healed":0.0,"max_hp_gain":0.0,"max_hp_loss":0.0,"gold_gain":0.0,"event_name":"Shining Light","player_choice":"Ignored","floor":5.0,"gold_loss":0.0,"damage_taken":0.0},{"damage_healed":0.0,"max_hp_gain":0.0,"max_hp_loss":0.0,"gold_gain":0.0,"event_name":"Cursed Tome","player_choice":"Obtained Book","floor":19.0,"gold_loss":0.0,"damage_taken":21.0},{"damage_healed":0.0,"max_hp_gain":0.0,"max_hp_loss":0.0,"gold_gain":0.0,"event_name":"Ghosts","player_choice":"Ignored","floor":20.0,"gold_loss":0.0,"damage_taken":0.0},{"damage_healed":0.0,"max_hp_gain":0.0,"max_hp_loss":0.0,"gold_gain":0.0,"event_name":"Back to Basics","player_choice":"Simplicity","floor":21.0,"gold_loss":0.0,"damage_taken":0.0,"cards_upgraded":["Strike_B","Strike_B","Strike_B","Defend_B","Defend_B","Defend_B","Defend_B"]}],"is_beta":false,"boss_relics":[{"not_picked":["Black Star","FrozenCore"],"picked":"Nuclear Battery"},{"not_picked":["Velvet Choker","Snecko Eye"],"picked":"Sozu"}],"items_purged_floors":[13],"is_endless":false,"potions_floor_spawned":[3,6,11,16,22,23,29,36],"killed_by":"3 Darklings","ascension_level":15}