{"gold_per_floor":[362,381,439,62,62,62,94,94,94,94,107,134,149,176,176,251,251,263,278,128,146,161,191,205,234,234,234,113,113,144,144,144,219,219,238,125,141,161,211,244,244,119,143,154,186,198,198,232,232,232,232,232,47,79,79],"floor_reached":56,"playtime":2361,"items_purged":["Strike_B","Steam Power","Dualcast","Clumsy"],"score":2148,"play_id":"f641a346-5b53-48ee-a7f9-3ba12febf571","local_time":"20220204085723","is_ascension_mode":true,"campfire_choices":[{"data":"Streamline","floor":6,"key":"SMITH"},{"data":"Zap","floor":10,"key":"SMITH"},{"data":"Genetic Algorithm","floor":15,"key":"SMITH"},{"data":"Biased Cognition","floor":32,"key":"SMITH"},{"data":"Barrage","floor":41,"key":"SMITH"},{"floor":47,"key":"RECALL"},{"data":"Reinforced Body","floor":49,"key":"SMITH"},{"data":"Glacier","floor":52,"key":"SMITH"}],"neow_cost":"TEN_PERCENT_HP_LOSS","seed_source_timestamp":1444394864300,"circlet_count":0,"master_deck":["AscendersBane","Defend_B","Defend_B+1","Defend_B","Defend_B","Zap+1","Cold Snap","Streamline+1","Biased Cognition+1","Genetic Algorithm+1","Cold Snap","Self Repair+1","Coolheaded","Electrodynamics+1","FTL+1","Blizzard+1","Reinforced Body+1","Skim","Defragment+1","Barrage+1","FTL","Loop+1","Heatsinks+1","Storm+1","Echo Form+1","Glacier+1","Force Field+1","Doom and Gloom+1","Undo+1","White Noise+1","Static Discharge+1","Go for the Eyes+1","Sweeping Beam+1"],"relics":["Cracked Core","Membership Card","PreservedInsect","Frozen Egg 2","Juzu Bracelet","The Courier","Tiny Chest","Cursed Key","HornCleat","Question Card","Art of War","ClockworkSouvenir","Molten Egg 2","Black Star","Runic Capacitor","Toy Ornithopter","Akabeko","OrangePellets","Girya","Bird Faced Urn","Dream Catcher","War Paint","Frozen Eye","Lizard Tail","Mummified Hand"],"potions_floor_usage":[7,13,16,23,30,55,55],"damage_taken":[{"damage":0,"enemies":"2 Louse","floor":1,"turns":3},{"damage":4,"enemies":"Small Slimes","floor":2,"turns":3},{"damage":22,"enemies":"Lagavulin","floor":7,"turns":4},{"damage":0,"enemies":"Cultist","floor":11,"turns":2},{"damage":8,"enemies":"3 Sentries","floor":12,"turns":6},{"damage":0,"enemies":"Lots of Slimes","floor":13,"turns":1},{"damage":5,"enemies":"Lagavulin","floor":14,"turns":5},{"damage":29,"enemies":"Slime Boss","floor":16,"turns":12},{"damage":0,"enemies":"Spheric Guardian","floor":18,"turns":4},{"damage":5,"enemies":"2 Thieves","floor":19,"turns":2},{"damage":17,"enemies":"Centurion and Healer","floor":21,"turns":5},{"damage":0,"enemies":"Sentry and Sphere","floor":22,"turns":3},{"damage":5,"enemies":"Slavers","floor":23,"turns":3},{"damage":0,"enemies":"3 Cultists","floor":24,"turns":3},{"damage":0,"enemies":"Gremlin Leader","floor":25,"turns":4},{"damage":21,"enemies":"Book of Stabbing","floor":30,"turns":4},{"damage":9,"enemies":"Automaton","floor":33,"turns":10},{"damage":17,"enemies":"3 Shapes","floor":35,"turns":2},{"damage":11,"enemies":"Orb Walker","floor":37,"turns":3},{"damage":0,"enemies":"Spire Growth","floor":38,"turns":4},{"damage":8,"enemies":"Giant Head","floor":40,"turns":5},{"damage":0,"enemies":"Jaw Worm Horde","floor":44,"turns":3},{"damage":27,"enemies":"Nemesis","floor":45,"turns":5},{"damage":27,"enemies":"Writhing Mass","floor":46,"turns":4},{"damage":34,"enemies":"Reptomancer","floor":48,"turns":6},{"damage":21,"enemies":"Time Eater","floor":50,"turns":10},{"damage":46,"enemies":"Shield and Spear","floor":54,"turns":3},{"damage":26,"enemies":"The Heart","floor":55,"turns":9}],"seed_played":"-4745697549785660597","potions_obtained":[{"floor":7,"key":"Explosive Potion"},{"floor":14,"key":"SkillPotion"},{"floor":21,"key":"SkillPotion"},{"floor":22,"key":"DistilledChaos"},{"floor":25,"key":"ColorlessPotion"},{"floor":33,"key":"PowerPotion"}],"is_trial":false,"path_per_floor":["M","M","?","$","?","R","E","?","T","R","M","E","M","E","R","B",null,"M","M","?","M","M","E","M","E","T","?","$","?","E","T","R","B",null,"M","$","M","M","?","E","R","$","T","M","E","M","R","E","R","B",null,"R","$","E","B",null],"character_chosen":"DEFECT","items_purchased":["Membership Card","PreservedInsect","Biased Cognition","Strength Potion","PowerPotion","Loop+1","Heatsinks+1","ClockworkSouvenir","Runic Capacitor","OrangePellets","PotionOfCapacity","SpeedPotion","Frozen Eye"],"campfire_rested":0,"item_purchase_floors":[4,4,4,4,4,28,28,28,36,42,53,53,53],"current_hp_per_floor":[64,60,60,60,65,65,43,43,43,43,43,35,35,40,40,21,57,67,62,62,55,65,69,69,69,69,69,69,69,58,58,58,59,67,60,60,59,69,69,69,69,69,69,69,62,61,61,43,43,52,65,65,65,33,49],"gold":79,"neow_bonus":"TWO_FIFTY_GOLD","is_prod":false,"is_daily":false,"chose_seed":false,"campfire_upgraded":7,"win_rate":0,"timestamp":1643993843,"path_taken":["M","M","?","$","?","R","E","?","T","R","M","E","M","E","R","BOSS","M","M","?","M","M","E","M","E","T","?","$","?","E","?","R","BOSS","M","$","M","M","?","E","R","$","T","M","E","M","R","E","R","BOSS","R","$","E","BOSS"],"build_version":"2020-12-22","purchased_purges":4,"victory":true,"max_hp_per_floor":[64,64,64,64,69,69,69,69,69,69,69,69,69,69,69,69,69,69,69,69,69,69,69,69,69,69,69,69,69,69,69,69,69,69,69,69,69,69,69,69,69,69,69,69,69,69,69,69,69,69,69,69,69,69,69],"relic_stats":{"Girya":0,"counters":[28,126],"PreservedInsect":539,"The Courier":950,"Juzu Bracelet":1,"War Paint":["Undo","Defend_B"],"Cursed Key":1,"Question Card":13,"OrangePellets":[9],"Frozen Eye":1.7471422,"Dream Catcher":0,"Lizard Tail":0,"Mummified Hand":[11],"Bird Faced Urn":[88],"Tiny Chest":1,"Art of War":[15],"Black Star":4,"Membership Card":950,"obtain_stats":[{"Juzu Bracelet":9,"Runic Capacitor":36,"Cursed Key":17,"ClockworkSouvenir":28,"Frozen Eye":53,"Dream Catcher":48,"Lizard Tail":54,"HornCleat":20,"Mummified Hand":54,"Tiny Chest":14,"Cracked Core":0,"Girya":45,"PreservedInsect":4,"The Courier":12,"Frozen Egg 2":7,"War Paint":48,"Question Card":23,"Akabeko":40,"OrangePellets":42,"Bird Faced Urn":45,"Molten Egg 2":30,"Art of War":25,"Black Star":34,"Membership Card":4,"Toy Ornithopter":40},{"Juzu Bracelet":3,"Runic Capacitor":18,"Cursed Key":8,"ClockworkSouvenir":15,"Frozen Eye":26,"Dream Catcher":25,"Lizard Tail":27,"HornCleat":10,"Mummified Hand":27,"Tiny Chest":7,"Cracked Core":0,"Girya":23,"PreservedInsect":2,"The Courier":5,"Frozen Egg 2":3,"War Paint":25,"Question Card":13,"Akabeko":21,"OrangePellets":21,"Bird Faced Urn":23,"Molten Egg 2":16,"Art of War":15,"Black Star":17,"Membership Card":2,"Toy Ornithopter":21},{"Juzu Bracelet":10,"Runic Capacitor":76,"Cursed Key":36,"ClockworkSouvenir":60,"Frozen Eye":115,"Dream Catcher":105,"Lizard Tail":118,"HornCleat":42,"Mummified Hand":118,"Tiny Chest":24,"Cracked Core":0,"Girya":95,"PreservedInsect":6,"The Courier":18,"Frozen Egg 2":10,"War Paint":105,"Question Card":53,"Akabeko":87,"OrangePellets":87,"Bird Faced Urn":95,"Molten Egg 2":64,"Art of War":60,"Black Star":74,"Membership Card":6,"Toy Ornithopter":87}],"Toy Ornithopter":10},"card_choices":[{"not_picked":["Steam","Beam Cell"],"picked":"Cold Snap","floor":1},{"not_picked":["Conserve Battery","Fission"],"picked":"Streamline","floor":2},{"not_picked":["Stack","Turbo"],"picked":"Genetic Algorithm","floor":7},{"not_picked":["Leap","Sunder"],"picked":"Cold Snap","floor":11},{"not_picked":["Chaos","Amplify"],"picked":"Self Repair+1","floor":12},{"not_picked":["Scrape","Steam","Beam Cell"],"picked":"SKIP","floor":13},{"not_picked":["Double Energy","Stack"],"picked":"Coolheaded","floor":14},{"not_picked":["Reboot","All For One"],"picked":"Electrodynamics+1","floor":16},{"not_picked":["Skim","Ball Lightning"],"picked":"FTL+1","floor":18},{"not_picked":["Blizzard","Consume","Steam Power"],"picked":"SKIP","floor":19},{"not_picked":["Redo","Gash"],"picked":"Blizzard+1","floor":21},{"not_picked":["Rebound","Melter"],"picked":"Reinforced Body","floor":22},{"not_picked":["Sweeping Beam","Leap"],"picked":"Skim","floor":23},{"not_picked":["Turbo","Go for the Eyes","Self Repair+1"],"picked":"Defragment+1","floor":24},{"not_picked":["Leap","Meteor Strike","Melter"],"picked":"Barrage","floor":25},{"not_picked":["Leap","Steam","Steam Power","Meteor Strike+1"],"picked":"SKIP","floor":30},{"not_picked":["Meteor Strike+1","Buffer+1","Fission"],"picked":"Echo Form+1","floor":33},{"not_picked":["Coolheaded+1","Stack+1","Streamline+1"],"picked":"Glacier","floor":35},{"not_picked":["Chill+1","Streamline+1","White Noise+1"],"picked":"Force Field+1","floor":37},{"not_picked":["Conserve Battery","Heatsinks+1","Seek"],"picked":"Doom and Gloom+1","floor":38},{"not_picked":["Rip and Tear+1","All For One+1","Steam"],"picked":"Undo","floor":40},{"not_picked":["Sunder+1","Steam","Self Repair+1"],"picked":"White Noise+1","floor":44},{"not_picked":["Sweeping Beam+1","Ball Lightning+1","Tempest","Undo"],"picked":"SKIP","floor":45},{"not_picked":["Streamline+1","Double Energy","Leap"],"picked":"Static Discharge+1","floor":46},{"not_picked":["Sunder+1","Fusion","Skim"],"picked":"Go for the Eyes+1","floor":48},{"not_picked":["Ball Lightning+1","Lockon+1","Darkness"],"picked":"Sweeping Beam+1","floor":54}],"player_experience":5037605,"relics_obtained":[{"floor":7,"key":"Frozen Egg 2"},{"floor":9,"key":"Juzu Bracelet"},{"floor":12,"key":"The Courier"},{"floor":14,"key":"Tiny Chest"},{"floor":23,"key":"Question Card"},{"floor":25,"key":"Art of War"},{"floor":30,"key":"Molten Egg 2"},{"floor":40,"key":"Toy Ornithopter"},{"floor":40,"key":"Akabeko"},{"floor":45,"key":"Girya"},{"floor":45,"key":"Bird Faced Urn"},{"floor":48,"key":"Dream Catcher"},{"floor":48,"key":"War Paint"},{"floor":54,"key":"Lizard Tail"},{"floor":54,"key":"Mummified Hand"}],"event_choices":[{"damage_healed":0,"gold_gain":58,"player_choice":"Gained Gold","damage_taken":0,"max_hp_gain":0,"max_hp_loss":0,"event_name":"Golden Wing","floor":3,"gold_loss":0},{"damage_healed":0,"gold_gain":0,"player_choice":"Donut","damage_taken":0,"max_hp_gain":5,"max_hp_loss":0,"event_name":"Big Fish","floor":5,"gold_loss":0},{"cards_removed":["Strike_B"],"damage_healed":0,"gold_gain":0,"player_choice":"Offered Basic","damage_taken":0,"max_hp_gain":0,"max_hp_loss":0,"event_name":"Bonfire Elementals","floor":8,"gold_loss":0},{"damage_healed":0,"gold_gain":0,"player_choice":"Paid Gold","damage_taken":0,"relics_obtained":["HornCleat"],"max_hp_gain":0,"max_hp_loss":0,"event_name":"WeMeetAgain","floor":20,"gold_loss":150},{"damage_healed":0,"gold_gain":0,"cards_transformed":["Strike_B","Strike_B"],"player_choice":"Became Test Subject","damage_taken":0,"max_hp_gain":0,"max_hp_loss":0,"event_name":"Drug Dealer","floor":27,"gold_loss":0,"cards_obtained":["FTL","Steam Power"]},{"damage_healed":0,"gold_gain":0,"player_choice":"Read","damage_taken":0,"max_hp_gain":0,"max_hp_loss":0,"event_name":"The Library","floor":29,"gold_loss":0,"cards_obtained":["Storm"]},{"damage_healed":0,"gold_gain":50,"player_choice":"Pray","damage_taken":0,"max_hp_gain":0,"max_hp_loss":0,"event_name":"Golden Shrine","floor":39,"gold_loss":0}],"is_beta":false,"boss_relics":[{"not_picked":["Inserter","Pandora\u0027s Box"],"picked":"Cursed Key"},{"not_picked":["SlaversCollar","Empty Cage"],"picked":"Black Star"}],"items_purged_floors":[4,36,42,53],"is_endless":false,"potions_floor_spawned":[7,12,14,21,22,25,33,37,44,46],"ascension_level":15}