{"gold_per_floor":[118,118,142,157,182,182,222,235,284,284,317,317,357,357,357,452,452,465,488,488],"floor_reached":20,"playtime":785,"items_purged":[],"score":340,"play_id":"affd252f-d785-4de6-9b8d-170655d0ade1","local_time":"20220204181415","is_ascension_mode":true,"campfire_choices":[{"data":"Cold Snap","floor":6.0,"key":"SMITH"},{"data":"Go for the Eyes","floor":10.0,"key":"SMITH"},{"data":"Defragment","floor":12.0,"key":"SMITH"},{"data":"Compile Driver","floor":15.0,"key":"SMITH"}],"neow_cost":"NONE","seed_source_timestamp":36350312304500,"circlet_count":0,"master_deck":["AscendersBane","Strike_B","Strike_B","Strike_B","Strike_B","Defend_B","Defend_B","Defend_B","Defend_B","Zap+1","Dualcast","Cold Snap+1","Undo+1","White Noise","Compile Driver+1","Go for the Eyes+1","Defragment+1","Self Repair","Biased Cognition+1","Buffer","Genetic Algorithm"],"special_seed":0,"relics":["Cracked Core","NeowsBlessing","Golden Idol","War Paint","Juzu Bracelet","Ornamental Fan","Bag of Preparation","Fusion Hammer"],"potions_floor_usage":[],"damage_taken":[{"damage":0.0,"enemies":"Cultist","floor":1.0,"turns":1.0},{"damage":0.0,"enemies":"2 Louse","floor":3.0,"turns":1.0},{"damage":0.0,"enemies":"Small Slimes","floor":4.0,"turns":1.0},{"damage":9.0,"enemies":"Exordium Wildlife","floor":5.0,"turns":8.0},{"damage":17.0,"enemies":"3 Sentries","floor":7.0,"turns":11.0},{"damage":6.0,"enemies":"Blue Slaver","floor":8.0,"turns":5.0},{"damage":18.0,"enemies":"Gremlin Nob","floor":11.0,"turns":4.0},{"damage":23.0,"enemies":"3 Sentries","floor":13.0,"turns":8.0},{"damage":7.0,"enemies":"Hexaghost","floor":16.0,"turns":9.0},{"damage":11.0,"enemies":"2 Thieves","floor":18.0,"turns":3.0},{"damage":5.0,"enemies":"3 Byrds","floor":19.0,"turns":4.0},{"damage":43,"enemies":"Masked Bandits","floor":20,"turns":4}],"seed_played":"-8531940083511852255","potions_obtained":[{"floor":3.0,"key":"Regen Potion"},{"floor":4.0,"key":"AttackPotion"},{"floor":11.0,"key":"Explosive Potion"},{"floor":13.0,"key":"ColorlessPotion"}],"is_trial":false,"path_per_floor":["M","?","M","M","M","R","E","M","T","R","E","R","E","?","R","B",null,"M","M","?"],"character_chosen":"DEFECT","items_purchased":[],"campfire_rested":0,"item_purchase_floors":[],"current_hp_per_floor":[64,64,64,64,55,55,53,47,47,47,29,29,13,13,13,13,51,40,42,0],"gold":488,"neow_bonus":"THREE_ENEMY_KILL","is_prod":false,"is_daily":false,"chose_seed":false,"campfire_upgraded":4,"win_rate":0,"timestamp":1644027255,"path_taken":["M","?","M","M","M","R","E","M","T","R","E","R","E","?","R","BOSS","M","M","?"],"build_version":"2020-12-22","purchased_purges":0,"victory":false,"max_hp_per_floor":[71,64,64,64,64,64,64,64,64,64,64,64,64,64,64,64,64,64,64,64],"relic_stats":{"counters":[12,59],"Golden Idol":75,"Ornamental Fan":[24],"Juzu Bracelet":0,"Bag of Preparation":[8],"War Paint":["Undo","Zap"],"obtain_stats":[{"NeowsBlessing":0,"Golden Idol":2,"Ornamental Fan":11,"Fusion Hammer":17,"Juzu Bracelet":9,"Bag of Preparation":13,"War Paint":7,"Cracked Core":0},{"NeowsBlessing":0,"Golden Idol":1,"Ornamental Fan":7,"Fusion Hammer":9,"Juzu Bracelet":6,"Bag of Preparation":8,"War Paint":5,"Cracked Core":0},{"NeowsBlessing":0,"Golden Idol":1,"Ornamental Fan":31,"Fusion Hammer":48,"Juzu Bracelet":27,"Bag of Preparation":39,"War Paint":22,"Cracked Core":0}]},"card_choices":[{"not_picked":["Rebound","Compile Driver"],"picked":"Cold Snap","floor":1.0},{"not_picked":["Skim","Redo"],"picked":"Undo","floor":3.0},{"not_picked":["Steam","Beam Cell"],"picked":"White Noise","floor":4.0},{"not_picked":["Aggregate","Steam Power"],"picked":"Compile Driver","floor":5.0},{"not_picked":["Turbo","Compile Driver"],"picked":"Go for the Eyes","floor":7.0},{"not_picked":["Cold Snap","Auto Shields"],"picked":"Defragment","floor":8.0},{"not_picked":["Conserve Battery","Beam Cell"],"picked":"Self Repair","floor":11.0},{"not_picked":["Stack","Chill"],"picked":"Biased Cognition","floor":13.0},{"not_picked":["Amplify","Meteor Strike"],"picked":"Buffer","floor":16.0},{"not_picked":["Turbo","Go for the Eyes","Consume"],"picked":"SKIP","floor":18.0},{"not_picked":["White Noise","Steam Power"],"picked":"Genetic Algorithm","floor":19.0}],"player_experience":5043488,"relics_obtained":[{"floor":7.0,"key":"War Paint"},{"floor":9.0,"key":"Juzu Bracelet"},{"floor":11.0,"key":"Ornamental Fan"},{"floor":13.0,"key":"Bag of Preparation"}],"event_choices":[{"damage_healed":0.0,"max_hp_gain":0.0,"max_hp_loss":7.0,"gold_gain":0.0,"event_name":"Golden Idol","player_choice":"Lose Max HP","floor":2.0,"gold_loss":0.0,"damage_taken":0.0,"relics_obtained":["Golden Idol"]},{"damage_healed":0.0,"max_hp_gain":0.0,"max_hp_loss":0.0,"gold_gain":0.0,"event_name":"Upgrade Shrine","player_choice":"Upgraded","floor":14.0,"gold_loss":0.0,"damage_taken":0.0,"cards_upgraded":["Biased Cognition"]},{"damage_healed":0,"gold_gain":0,"player_choice":"Fought Bandits","damage_taken":0,"max_hp_gain":0,"max_hp_loss":0,"event_name":"Masked Bandits","floor":20,"gold_loss":0}],"is_beta":false,"boss_relics":[{"not_picked":["Inserter","Pandora\u0027s Box"],"picked":"Fusion Hammer"}],"items_purged_floors":[],"is_endless":false,"potions_floor_spawned":[3,4,5,11,13],"killed_by":"Masked Bandits","ascension_level":15}