{"gold_per_floor":[111,111,36,1,1,1,36,50,50,64,85,104,104,140,140,231,231,249,249,36,36,51,90,108,108,131,131,131],"floor_reached":28,"playtime":834,"items_purged":["Injury","Strike_B"],"score":431,"play_id":"665f675b-3506-44ca-98b5-171e9a886426","local_time":"20220219211110","is_ascension_mode":true,"campfire_choices":[{"data":"Ball Lightning","floor":6.0,"key":"SMITH"},{"data":"Zap","floor":13.0,"key":"SMITH"},{"data":"Go for the Eyes","floor":15.0,"key":"SMITH"},{"floor":27,"key":"REST"}],"neow_cost":"CURSE","seed_source_timestamp":133157286135000,"circlet_count":0,"master_deck":["AscendersBane","Strike_B","Strike_B","Strike_B","Defend_B","Defend_B","Defend_B","Defend_B","Zap+1","Dualcast","Ball Lightning+1","Compile Driver","Cold Snap","Sweeping Beam","Capacitor","Go for the Eyes+1","Biased Cognition","Amplify","Defragment","Doom and Gloom","Chill","Compile Driver+1","Force Field"],"special_seed":0,"relics":["Cracked Core","Peace Pipe","Strawberry","Golden Idol","Pear","Mercury Hourglass","Letter Opener","Velvet Choker","Question Card","Ancient Tea Set"],"potions_floor_usage":[16,16,23,28],"damage_taken":[{"damage":6.0,"enemies":"Cultist","floor":1.0,"turns":4.0},{"damage":31.0,"enemies":"Gremlin Nob","floor":7.0,"turns":4.0},{"damage":7.0,"enemies":"Small Slimes","floor":8.0,"turns":3.0},{"damage":0.0,"enemies":"2 Louse","floor":10.0,"turns":2.0},{"damage":1.0,"enemies":"2 Fungi Beasts","floor":11.0,"turns":2.0},{"damage":10.0,"enemies":"Lots of Slimes","floor":12.0,"turns":2.0},{"damage":16.0,"enemies":"3 Sentries","floor":14.0,"turns":4.0},{"damage":2,"enemies":"The Guardian","floor":16,"turns":10},{"damage":0,"enemies":"Chosen","floor":18,"turns":4},{"damage":2,"enemies":"2 Thieves","floor":22,"turns":3},{"damage":43,"enemies":"Slavers","floor":23,"turns":5},{"damage":13,"enemies":"Sentry and Sphere","floor":24,"turns":4},{"damage":36,"enemies":"Gremlin Leader","floor":28,"turns":8}],"seed_played":"2451388727959845283","potions_obtained":[{"floor":1.0,"key":"Fruit Juice"},{"floor":10.0,"key":"Dexterity Potion"},{"floor":14.0,"key":"ColorlessPotion"},{"floor":22,"key":"Energy Potion"},{"floor":24,"key":"LiquidBronze"}],"is_trial":false,"path_per_floor":["M","?","$","?","?","R","E","M","T","M","M","M","R","E","R","B",null,"M","?","$","?","M","E","M","?","T","R","E"],"character_chosen":"DEFECT","items_purchased":["Chill","LiquidMemories"],"campfire_rested":1,"item_purchase_floors":[20,20],"current_hp_per_floor":[58,47,47,66,66,66,45,38,38,38,37,27,27,16,16,14,68,68,68,68,68,66,23,10,10,10,35,0],"gold":131,"neow_bonus":"ONE_RARE_RELIC","is_prod":false,"is_daily":false,"chose_seed":false,"campfire_upgraded":3,"win_rate":0,"timestamp":1645333870,"path_taken":["M","?","$","?","?","R","E","M","T","M","M","M","R","E","R","BOSS","M","?","$","?","M","E","M","?","T","R","E"],"build_version":"2020-12-22","purchased_purges":2,"victory":false,"max_hp_per_floor":[71,78,78,78,71,71,81,81,81,81,81,81,81,86,86,86,86,86,86,86,86,86,86,86,86,86,86,86],"card_choices":[{"not_picked":["Cold Snap","Lockon"],"picked":"Ball Lightning","floor":1.0},{"not_picked":["Blizzard","Fission"],"picked":"Compile Driver","floor":7.0},{"not_picked":["Darkness","Coolheaded"],"picked":"Cold Snap","floor":8.0},{"not_picked":["Streamline","Compile Driver"],"picked":"Sweeping Beam","floor":10.0},{"not_picked":["Streamline","Genetic Algorithm"],"picked":"Capacitor","floor":11.0},{"not_picked":["Hologram","Redo"],"picked":"Go for the Eyes","floor":12.0},{"not_picked":["Aggregate","Cold Snap"],"picked":"Biased Cognition","floor":14.0},{"not_picked":["All For One","Reboot"],"picked":"Amplify","floor":16},{"not_picked":["Undo","Steam"],"picked":"Defragment","floor":18},{"not_picked":["Chill","Sweeping Beam","Double Energy"],"picked":"SKIP","floor":22},{"not_picked":["White Noise+1","Skim"],"picked":"Compile Driver+1","floor":23},{"not_picked":["Rebound","Compile Driver","Barrage"],"picked":"Force Field","floor":24}],"player_experience":5048449,"relics_obtained":[{"floor":7.0,"key":"Pear"},{"floor":9.0,"key":"Mercury Hourglass"},{"floor":14.0,"key":"Letter Opener"},{"floor":23,"key":"Question Card"},{"floor":26,"key":"Ancient Tea Set"}],"event_choices":[{"damage_healed":0.0,"max_hp_gain":0.0,"max_hp_loss":0.0,"gold_gain":0.0,"event_name":"Scrap Ooze","player_choice":"Success","floor":2.0,"gold_loss":0.0,"damage_taken":18.0,"relics_obtained":["Strawberry"]},{"damage_healed":19.0,"max_hp_gain":0.0,"max_hp_loss":0.0,"gold_gain":0.0,"event_name":"The Cleric","player_choice":"Healed","floor":4.0,"gold_loss":35.0,"damage_taken":0.0},{"damage_healed":0.0,"max_hp_gain":0.0,"max_hp_loss":7.0,"gold_gain":0.0,"event_name":"Golden Idol","player_choice":"Lose Max HP","floor":5.0,"gold_loss":0.0,"damage_taken":0.0,"relics_obtained":["Golden Idol"]},{"damage_healed":0,"gold_gain":0,"player_choice":"Read","damage_taken":0,"max_hp_gain":0,"max_hp_loss":0,"event_name":"The Library","floor":19,"gold_loss":0,"cards_obtained":["Doom and Gloom"]},{"damage_healed":0,"gold_gain":0,"player_choice":"Ignored","damage_taken":0,"max_hp_gain":0,"max_hp_loss":0,"event_name":"Vampires","floor":25,"gold_loss":0}],"is_beta":false,"boss_relics":[{"not_picked":["Busted Crown","Empty Cage"],"picked":"Velvet Choker"}],"items_purged_floors":[3,20],"is_endless":false,"potions_floor_spawned":[1,10,14,22,24],"killed_by":"Gremlin Leader","ascension_level":15}