{"gold_per_floor":[112,112,92,103,118,118,146,160,160,194,205,239,239,13,13,87,87,101,1,19,31,31,31,56,75,75,100,16,29,29,49,49,121,121,134,147,147,166,118,147,147,178,178,178,205,205,205,18,18,18],"floor_reached":51,"playtime":2514,"items_purged":["Strike_B","Strike_B","Strike_B"],"score":1444,"play_id":"b8ff5c38-962b-4794-8a04-d4b2ac51e6d4","local_time":"20220220212834","is_ascension_mode":true,"campfire_choices":[{"data":"Ball Lightning","floor":6,"key":"SMITH"},{"floor":13,"key":"REST"},{"data":"Static Discharge","floor":15,"key":"SMITH"},{"floor":23,"key":"REST"},{"floor":32,"key":"REST"},{"floor":41,"key":"REST"},{"data":"Rainbow","floor":44,"key":"SMITH"},{"data":"Force Field","floor":47,"key":"SMITH"},{"data":"Barrage","floor":49,"key":"SMITH"}],"neow_cost":"NONE","seed_source_timestamp":218931513222200,"circlet_count":0,"master_deck":["AscendersBane","Strike_B","Defend_B","Defend_B","Defend_B","Defend_B","Dualcast","Sweeping Beam","Static Discharge+1","Ball Lightning+1","Conserve Battery","Cold Snap","Loop+1","Reinforced Body","Defragment+1","Barrage+1","Rainbow+1","FTL","Force Field+1","Self Repair+1","Chill","Creative AI+1","Biased Cognition+1","Loop+1","Glacier","Core Surge","Compile Driver+1","Heatsinks+1"],"special_seed":0,"relics":["SlaversCollar","Frozen Egg 2","InkBottle","Kunai","PreservedInsect","Black Star","Singing Bowl","Question Card","Mango","Smiling Mask","Potion Belt","Nuclear Battery","Dream Catcher","StrikeDummy","Meat on the Bone","CaptainsWheel","Darkstone Periapt","FossilizedHelix","Incense Burner"],"potions_floor_usage":[7,10,16,18,24,27,33,40,45,48,50,50,50,50],"damage_taken":[{"damage":7.0,"enemies":"Jaw Worm","floor":1.0,"turns":3.0},{"damage":0.0,"enemies":"Small Slimes","floor":4.0,"turns":4.0},{"damage":1,"enemies":"Cultist","floor":5,"turns":4},{"damage":20,"enemies":"Lagavulin","floor":7,"turns":5},{"damage":1,"enemies":"2 Fungi Beasts","floor":8,"turns":3},{"damage":11,"enemies":"3 Sentries","floor":10,"turns":5},{"damage":10,"enemies":"3 Louse","floor":11,"turns":3},{"damage":12,"enemies":"Lagavulin","floor":12,"turns":9},{"damage":11,"enemies":"Hexaghost","floor":16,"turns":8},{"damage":0,"enemies":"Spheric Guardian","floor":18,"turns":3},{"damage":5,"enemies":"Shell Parasite","floor":20,"turns":7},{"damage":10,"enemies":"Centurion and Healer","floor":21,"turns":7},{"damage":25,"enemies":"Book of Stabbing","floor":24,"turns":4},{"damage":26,"enemies":"Snake Plant","floor":25,"turns":3},{"damage":0,"enemies":"Gremlin Leader","floor":27,"turns":6},{"damage":6,"enemies":"Cultist and Chosen","floor":29,"turns":6},{"damage":20,"enemies":"3 Cultists","floor":31,"turns":6},{"damage":34,"enemies":"Automaton","floor":33,"turns":12},{"damage":6,"enemies":"3 Darklings","floor":35,"turns":7},{"damage":2,"enemies":"3 Shapes","floor":36,"turns":5},{"damage":21,"enemies":"Spire Growth","floor":38,"turns":11},{"damage":27,"enemies":"Giant Head","floor":40,"turns":9},{"damage":17,"enemies":"Nemesis","floor":42,"turns":5},{"damage":15,"enemies":"Reptomancer","floor":45,"turns":5},{"damage":12,"enemies":"Donu and Deca","floor":50,"turns":6}],"seed_played":"2282008627836992418","potions_obtained":[{"floor":1.0,"key":"LiquidMemories"},{"floor":3.0,"key":"LiquidMemories"},{"floor":8,"key":"Fire Potion"},{"floor":16,"key":"Fire Potion"},{"floor":21,"key":"LiquidBronze"},{"floor":27,"key":"Explosive Potion"},{"floor":33,"key":"Swift Potion"},{"floor":36,"key":"CultistPotion"},{"floor":40,"key":"PotionOfCapacity"},{"floor":45,"key":"PotionOfCapacity"}],"is_trial":false,"path_per_floor":["M","?","?","M","M","R","E","M","T","E","M","E","R","$","R","B",null,"M","$","M","M","?","R","E","M","T","E","$","M","?","M","R","B",null,"M","M","?","M","$","E","R","E","T","R","E","?","R","$","R","B",null],"character_chosen":"DEFECT","items_purchased":["Barrage","Fruit Juice","Chill","BlessingOfTheForge","Heatsinks+1","Fruit Juice","PowerPotion"],"campfire_rested":4,"item_purchase_floors":[14,14,28,39,48,48,48],"current_hp_per_floor":[57,62,62,62,61,61,41,40,40,29,19,7,29,29,29,23,67,67,67,62,52,29,54,29,5,19,19,19,25,25,15,46,22,84,88,86,86,77,77,60,91,86,86,86,83,83,83,88,88,86],"gold":18,"neow_bonus":"BOSS_RELIC","is_prod":false,"is_daily":false,"chose_seed":false,"campfire_upgraded":5,"win_rate":0,"timestamp":1645421314,"path_taken":["M","?","?","M","M","R","E","M","T","E","M","E","R","$","R","BOSS","M","$","?","M","?","R","E","M","T","E","$","M","?","M","R","BOSS","M","M","?","M","?","E","R","E","T","R","E","?","R","$","R","BOSS"],"build_version":"2020-12-22","purchased_purges":3,"victory":true,"max_hp_per_floor":[71,76,76,76,76,76,76,76,76,76,76,76,76,76,76,81,81,81,81,81,81,86,86,86,88,102,102,102,104,104,104,104,104,104,104,104,104,106,106,106,106,108,108,108,110,110,110,115,115,115],"card_choices":[{"not_picked":["Aggregate","White Noise"],"picked":"Sweeping Beam","floor":1.0},{"not_picked":["Steam","Compile Driver"],"picked":"Static Discharge","floor":4.0},{"not_picked":["Beam Cell","Barrage"],"picked":"Ball Lightning","floor":5},{"not_picked":["Static Discharge+1","Compile Driver"],"picked":"Conserve Battery","floor":7},{"not_picked":["Conserve Battery","Steam"],"picked":"Cold Snap","floor":8},{"not_picked":["Meteor Strike","Auto Shields"],"picked":"Loop+1","floor":10},{"not_picked":["Streamline","Barrage"],"picked":"Reinforced Body","floor":11},{"not_picked":["Redo","Hello World+1"],"picked":"Defragment+1","floor":12},{"not_picked":["Meteor Strike","Core Surge"],"picked":"Rainbow","floor":16},{"not_picked":["Barrage","Streamline","Turbo"],"picked":"SKIP","floor":18},{"not_picked":["Fusion","Beam Cell","Loop+1"],"picked":"SKIP","floor":20},{"not_picked":["Compile Driver","Chaos"],"picked":"FTL","floor":21},{"not_picked":["Turbo","Streamline"],"picked":"Force Field","floor":24},{"not_picked":["Stack","Scrape","Turbo","Darkness"],"picked":"Singing Bowl","floor":25},{"not_picked":["Coolheaded","Loop+1","Genetic Algorithm"],"picked":"Self Repair+1","floor":27},{"not_picked":["Rebound+1","Redo","Gash","Coolheaded"],"picked":"Singing Bowl","floor":29},{"not_picked":["Lockon","Steam","Aggregate"],"picked":"Creative AI+1","floor":31},{"not_picked":["Meteor Strike","Fission","Machine Learning+1"],"picked":"Biased Cognition+1","floor":33},{"not_picked":["Ball Lightning","Barrage+1","Steam Power"],"picked":"Loop+1","floor":35},{"not_picked":["Go for the Eyes","Barrage","Ball Lightning"],"picked":"Glacier","floor":36},{"not_picked":["Stack","Reinforced Body","Melter+1","Ball Lightning+1"],"picked":"Singing Bowl","floor":38},{"not_picked":["Leap+1","BootSequence","Beam Cell"],"picked":"Core Surge","floor":40},{"not_picked":["Ball Lightning+1","Rebound","Consume"],"picked":"Compile Driver+1","floor":41},{"not_picked":["Hello World+1","All For One","Cold Snap","Barrage"],"picked":"Singing Bowl","floor":42},{"not_picked":["Sunder","Stack","Streamline","Compile Driver"],"picked":"Singing Bowl","floor":45}],"player_experience":5055263,"relics_obtained":[{"floor":7,"key":"Frozen Egg 2"},{"floor":9,"key":"InkBottle"},{"floor":10,"key":"Kunai"},{"floor":12,"key":"PreservedInsect"},{"floor":24,"key":"Singing Bowl"},{"floor":24,"key":"Question Card"},{"floor":26,"key":"Mango"},{"floor":27,"key":"Smiling Mask"},{"floor":27,"key":"Potion Belt"},{"floor":40,"key":"Dream Catcher"},{"floor":40,"key":"StrikeDummy"},{"floor":42,"key":"Meat on the Bone"},{"floor":42,"key":"CaptainsWheel"},{"floor":43,"key":"Darkstone Periapt"},{"floor":45,"key":"FossilizedHelix"},{"floor":45,"key":"Incense Burner"}],"event_choices":[{"damage_healed":0.0,"max_hp_gain":5.0,"max_hp_loss":0.0,"gold_gain":0.0,"event_name":"Big Fish","player_choice":"Donut","floor":2.0,"gold_loss":0.0,"damage_taken":0.0},{"damage_healed":0.0,"max_hp_gain":0.0,"max_hp_loss":0.0,"gold_gain":0.0,"event_name":"The Woman in Blue","player_choice":"Bought 1 Potion","floor":3.0,"gold_loss":0.0,"damage_taken":0.0},{"damage_healed":0,"gold_gain":0,"player_choice":"Shed Blood","damage_taken":28,"max_hp_gain":5,"max_hp_loss":0,"event_name":"Forgotten Altar","floor":22,"gold_loss":0},{"damage_healed":0,"gold_gain":0,"player_choice":"Ignored","damage_taken":0,"max_hp_gain":0,"max_hp_loss":0,"event_name":"Ghosts","floor":30,"gold_loss":0},{"cards_removed":["Zap"],"damage_healed":0,"gold_gain":0,"player_choice":"Purged","damage_taken":0,"max_hp_gain":0,"max_hp_loss":0,"event_name":"Purifier","floor":37,"gold_loss":0},{"damage_healed":0,"gold_gain":0,"player_choice":"Ignored","damage_taken":0,"max_hp_gain":0,"max_hp_loss":0,"event_name":"Tomb of Lord Red Mask","floor":46,"gold_loss":0}],"is_beta":false,"boss_relics":[{"not_picked":["Pandora\u0027s Box","Cursed Key"],"picked":"Black Star"},{"not_picked":["Philosopher\u0027s Stone","Coffee Dripper"],"picked":"Nuclear Battery"}],"items_purged_floors":[14,19,28],"is_endless":false,"potions_floor_spawned":[1,5,8,16,21,27,33,36,40,45],"ascension_level":15}