{"gold_per_floor":[116,116,127,146,164,190,190,206,206,206,233,244,272,85,85,164,164,175,189,189,202,252,277,291,291],"floor_reached":25,"playtime":1465,"items_purged":["Strike_B"],"score":473,"play_id":"4f28c18e-ec69-4c6d-bbdb-f436979d05c8","local_time":"20220321155835","is_ascension_mode":true,"campfire_choices":[{"data":"Zap","floor":7.0,"key":"SMITH"},{"floor":10.0,"key":"REST"},{"data":"Loop","floor":15.0,"key":"SMITH"}],"neow_cost":"NONE","seed_source_timestamp":24854032080500,"circlet_count":0,"master_deck":["AscendersBane","Strike_B","Strike_B","Strike_B","Defend_B","Defend_B","Defend_B","Defend_B","Zap+1","Dualcast+1","Cold Snap","Compile Driver","Ball Lightning","Capacitor","Hologram","Coolheaded","Echo Form","Reinforced Body+1","Loop+1","Undo","Electrodynamics","Stack+1"],"special_seed":0,"relics":["Cracked Core","CultistMask","Juzu Bracelet","Gremlin Horn","Shuriken","War Paint","Fusion Hammer","Smiling Mask"],"potions_floor_usage":[25],"damage_taken":[{"damage":7.0,"enemies":"Small Slimes","floor":1.0,"turns":3.0},{"damage":0.0,"enemies":"Cultist","floor":3.0,"turns":3.0},{"damage":2.0,"enemies":"Jaw Worm","floor":4.0,"turns":3.0},{"damage":4.0,"enemies":"Red Slaver","floor":5.0,"turns":4.0},{"damage":20.0,"enemies":"Gremlin Nob","floor":6.0,"turns":4.0},{"damage":14.0,"enemies":"Lots of Slimes","floor":8.0,"turns":3.0},{"damage":13.0,"enemies":"Lagavulin","floor":11.0,"turns":7.0},{"damage":6.0,"enemies":"Blue Slaver","floor":12.0,"turns":3.0},{"damage":6.0,"enemies":"3 Sentries","floor":13.0,"turns":5.0},{"damage":6.0,"enemies":"The Guardian","floor":16.0,"turns":12.0},{"damage":0.0,"enemies":"Chosen","floor":18.0,"turns":4.0},{"damage":8.0,"enemies":"3 Byrds","floor":19.0,"turns":3.0},{"damage":4.0,"enemies":"Centurion and Healer","floor":21.0,"turns":6.0},{"damage":0,"enemies":"Gremlin Leader","floor":23,"turns":5},{"damage":16,"enemies":"Shelled Parasite and Fungi","floor":24,"turns":8},{"damage":16,"enemies":"Slavers","floor":25,"turns":1}],"seed_played":"-2780700321622321454","potions_obtained":[{"floor":4.0,"key":"SpeedPotion"},{"floor":6.0,"key":"PowerPotion"},{"floor":8.0,"key":"DistilledChaos"},{"floor":11.0,"key":"AttackPotion"},{"floor":21.0,"key":"ColorlessPotion"},{"floor":24,"key":"AttackPotion"}],"is_trial":false,"path_per_floor":["M","?","M","M","M","E","R","M","T","R","E","M","E","$","R","B",null,"M","M","?","M","?","E","M","E"],"character_chosen":"DEFECT","items_purchased":["Loop","Undo"],"campfire_rested":1,"item_purchase_floors":[14,14],"current_hp_per_floor":[64,64,64,62,58,38,38,24,24,47,34,28,22,22,22,16,63,63,55,33,29,29,29,13,0],"gold":291,"neow_bonus":"TEN_PERCENT_HP_BONUS","is_prod":false,"is_daily":false,"chose_seed":false,"campfire_upgraded":2,"win_rate":0,"timestamp":1647903515,"path_taken":["M","?","M","M","M","E","R","M","T","R","E","M","E","?","R","BOSS","M","M","?","M","?","E","M","E"],"build_version":"2022-03-07","purchased_purges":1,"victory":false,"max_hp_per_floor":[78,78,78,78,78,78,78,78,78,78,78,78,78,78,78,78,78,78,78,83,83,83,83,83,83],"relic_stats":{"Gremlin Horn":[11,11],"counters":[16,74],"Shuriken":[6],"Juzu Bracelet":0,"War Paint":["Dualcast","Reinforced Body"],"Smiling Mask":0,"obtain_stats":[{"Gremlin Horn":9,"Shuriken":11,"CultistMask":2,"Fusion Hammer":17,"Juzu Bracelet":6,"War Paint":13,"Cracked Core":0,"Smiling Mask":23},{"Gremlin Horn":6,"Shuriken":7,"CultistMask":1,"Fusion Hammer":10,"Juzu Bracelet":5,"War Paint":9,"Cracked Core":0,"Smiling Mask":14},{"Gremlin Horn":20,"Shuriken":27,"CultistMask":3,"Fusion Hammer":47,"Juzu Bracelet":17,"War Paint":35,"Cracked Core":0,"Smiling Mask":65}]},"card_choices":[{"not_picked":["Fusion","Scrape"],"picked":"Cold Snap","floor":1.0},{"not_picked":["Auto Shields","Scrape"],"picked":"Compile Driver","floor":3.0},{"not_picked":["Coolheaded","Stack"],"picked":"Ball Lightning","floor":4.0},{"not_picked":["Skim","Turbo","Stack"],"picked":"SKIP","floor":5.0},{"not_picked":["Conserve Battery","Turbo"],"picked":"Capacitor","floor":6.0},{"not_picked":["Gash","Streamline"],"picked":"Hologram","floor":8.0},{"not_picked":["Rebound","Cold Snap"],"picked":"Coolheaded","floor":11.0},{"not_picked":["Leap","Stack"],"picked":"Echo Form","floor":12.0},{"not_picked":["All For One","Coolheaded"],"picked":"Reinforced Body","floor":13.0},{"not_picked":["Thunder Strike","All For One"],"picked":"Electrodynamics","floor":16.0},{"not_picked":["Sweeping Beam","Turbo"],"picked":"Stack+1","floor":18.0},{"not_picked":["Gash","Rebound","Streamline+1"],"picked":"SKIP","floor":19.0},{"not_picked":["Chaos","Aggregate","Streamline"],"picked":"SKIP","floor":21.0},{"not_picked":["Ball Lightning","FTL","Rebound"],"picked":"SKIP","floor":23},{"not_picked":["Turbo","Gash","Sweeping Beam"],"picked":"SKIP","floor":24}],"player_experience":5101089,"relics_obtained":[{"floor":6.0,"key":"Juzu Bracelet"},{"floor":9.0,"key":"Gremlin Horn"},{"floor":11.0,"key":"Shuriken"},{"floor":13.0,"key":"War Paint"},{"floor":23,"key":"Smiling Mask"}],"event_choices":[{"damage_healed":0.0,"max_hp_gain":0.0,"max_hp_loss":0.0,"gold_gain":0.0,"event_name":"FaceTrader","player_choice":"Trade","floor":2.0,"gold_loss":0.0,"damage_taken":0.0,"relics_obtained":["CultistMask"]},{"damage_healed":0.0,"max_hp_gain":5.0,"max_hp_loss":0.0,"gold_gain":0.0,"event_name":"Forgotten Altar","player_choice":"Shed Blood","floor":20.0,"gold_loss":0.0,"damage_taken":27.0},{"damage_healed":0,"gold_gain":100,"player_choice":"Bet on Murderer","damage_taken":0,"max_hp_gain":0,"max_hp_loss":0,"event_name":"The Joust","floor":22,"gold_loss":50}],"is_beta":false,"boss_relics":[{"not_picked":["Calling Bell","Runic Dome"],"picked":"Fusion Hammer"}],"items_purged_floors":[14],"is_endless":false,"potions_floor_spawned":[4,6,8,11,21,24],"killed_by":"Slavers","ascension_level":15}