{"gold_per_floor":[112,112,126,141,155,181,181,216,284,297,41,58,58,58,58,134,134,149,167,202,215,215,215,240,240,240,271,291,301,96,110,110,181,181,196,221,221,236,255,282,282,315,366,380,16,16,48,48,48,48],"floor_reached":51,"playtime":3096,"items_purged":["Strike_B","Strike_B","Strike_B"],"score":1602,"play_id":"500d372e-b21c-4849-be71-9b36e52e6466","local_time":"20220313134202","is_ascension_mode":true,"campfire_choices":[{"floor":7.0,"key":"REST"},{"floor":13.0,"key":"REST"},{"data":"Barrage","floor":15.0,"key":"SMITH"},{"floor":23.0,"key":"REST"},{"floor":25.0,"key":"REST"},{"data":"Biased Cognition","floor":32,"key":"SMITH"},{"data":"Capacitor","floor":41,"key":"SMITH"},{"data":"Defragment","floor":46,"key":"SMITH"},{"data":"Loop","floor":49,"key":"SMITH"}],"neow_cost":"NONE","seed_source_timestamp":18708298679900,"circlet_count":0,"master_deck":["AscendersBane","Strike_B","Defend_B","Defend_B","Defend_B+1","Defend_B+1","Zap+1","Dualcast","Streamline","Loop+1","Darkness","Ball Lightning","Storm","Capacitor+1","Barrage+1","Leap+1","Glacier+1","Biased Cognition+1","Undo+1","Glacier+1","Compile Driver","Conserve Battery+1","Redo+1","Stack+1","Fission+1","Recycle+1","Skim+1","Turbo+1","Coolheaded+1","Seek+1","Hologram+1","Blizzard+1","Glacier+1","Self Repair","Defragment+1","Creative AI"],"special_seed":0,"relics":["Cracked Core","CultistMask","Mummified Hand","TungstenRod","Toxic Egg 2","OrangePellets","Nuclear Battery","Red Mask","Shuriken","Bronze Scales","Bottled Flame","Mercury Hourglass","Runic Pyramid","Pocketwatch","StrikeDummy","War Paint","Lantern","Symbiotic Virus","Torii"],"potions_floor_usage":[28,38,50,50],"damage_taken":[{"damage":12.0,"enemies":"Jaw Worm","floor":1.0,"turns":3.0},{"damage":1.0,"enemies":"Cultist","floor":3.0,"turns":3.0},{"damage":1.0,"enemies":"2 Louse","floor":4.0,"turns":2.0},{"damage":11.0,"enemies":"Exordium Wildlife","floor":5.0,"turns":5.0},{"damage":18.0,"enemies":"Gremlin Nob","floor":6.0,"turns":3.0},{"damage":25.0,"enemies":"Lagavulin","floor":8.0,"turns":6.0},{"damage":8.0,"enemies":"Red Slaver","floor":10.0,"turns":2.0},{"damage":0.0,"enemies":"Gremlin Gang","floor":12.0,"turns":4.0},{"damage":11.0,"enemies":"Slime Boss","floor":16.0,"turns":5.0},{"damage":2.0,"enemies":"2 Thieves","floor":18.0,"turns":4.0},{"damage":0.0,"enemies":"Chosen","floor":19.0,"turns":4.0},{"damage":23.0,"enemies":"Masked Bandits","floor":20.0,"turns":5.0},{"damage":19.0,"enemies":"Centurion and Healer","floor":21.0,"turns":7.0},{"damage":0.0,"enemies":"Book of Stabbing","floor":24.0,"turns":6.0},{"damage":6,"enemies":"Slavers","floor":27,"turns":5},{"damage":0,"enemies":"Snake Plant","floor":28,"turns":3},{"damage":0,"enemies":"3 Cultists","floor":29,"turns":5},{"damage":0,"enemies":"Centurion and Healer","floor":31,"turns":7},{"damage":20,"enemies":"Automaton","floor":33,"turns":9},{"damage":0,"enemies":"3 Shapes","floor":35,"turns":4},{"damage":8,"enemies":"Mind Bloom Boss Battle","floor":36,"turns":5},{"damage":0,"enemies":"3 Darklings","floor":38,"turns":4},{"damage":5,"enemies":"Sphere and 2 Shapes","floor":39,"turns":6},{"damage":0,"enemies":"Nemesis","floor":40,"turns":5},{"damage":0,"enemies":"Reptomancer","floor":42,"turns":6},{"damage":0,"enemies":"Writhing Mass","floor":44,"turns":6},{"damage":0,"enemies":"Giant Head","floor":47,"turns":9},{"damage":0,"enemies":"Donu and Deca","floor":50,"turns":7}],"seed_played":"7171264251139419268","potions_obtained":[{"floor":3.0,"key":"LiquidMemories"},{"floor":8.0,"key":"DistilledChaos"},{"floor":10.0,"key":"SneckoOil"},{"floor":12.0,"key":"ColorlessPotion"},{"floor":16.0,"key":"Dexterity Potion"},{"floor":18.0,"key":"Energy Potion"},{"floor":27,"key":"LiquidBronze"},{"floor":29,"key":"Ancient Potion"},{"floor":31,"key":"Regen Potion"},{"floor":38,"key":"SkillPotion"}],"is_trial":false,"path_per_floor":["M","?","M","M","M","E","R","E","T","M","$","M","R","$","R","B",null,"M","M","?","M","T","R","E","R","T","E","M","M","$","M","R","B",null,"M","?","?","M","M","E","R","E","T","M","$","R","E","?","R","B",null],"character_chosen":"DEFECT","items_purchased":["OrangePellets","Leap+1","Skim+1","Turbo+1","Symbiotic Virus"],"campfire_rested":4,"item_purchase_floors":[11,11,30,30,45],"current_hp_per_floor":[52,52,51,50,39,21,42,17,17,9,9,9,30,30,30,19,58,56,56,33,14,14,35,35,56,56,50,50,50,50,50,50,30,61,61,53,53,65,60,67,67,71,71,71,71,71,71,67,67,67],"gold":48,"neow_bonus":"UPGRADE_CARD","is_prod":false,"is_daily":false,"chose_seed":false,"campfire_upgraded":5,"win_rate":0,"timestamp":1647204122,"path_taken":["M","?","M","M","M","E","R","E","T","M","$","?","R","$","R","BOSS","M","M","?","M","?","R","E","R","T","E","M","?","$","?","R","BOSS","M","?","?","?","M","E","R","E","T","M","?","R","E","?","R","BOSS"],"build_version":"2022-03-07","purchased_purges":3,"victory":true,"max_hp_per_floor":[71,71,71,71,71,71,71,71,71,71,71,71,71,71,71,71,71,71,71,71,71,71,71,71,71,71,71,71,71,71,71,71,71,71,71,71,71,71,71,71,71,71,71,71,71,71,71,67,67,67],"relic_stats":{"OrangePellets":[27],"Bottled Flame":"Compile Driver","Torii":4,"counters":[28,139],"Mummified Hand":[111],"Shuriken":[11],"Bronze Scales":[251],"War Paint":["Defend_B","Defend_B"],"obtain_stats":[{"Lantern":43,"Torii":47,"War Paint":42,"Nuclear Battery":17,"Mercury Hourglass":27,"OrangePellets":11,"Bottled Flame":26,"Mummified Hand":6,"Shuriken":22,"Bronze Scales":24,"CultistMask":2,"Red Mask":20,"Toxic Egg 2":9,"Cracked Core":0,"StrikeDummy":40,"Symbiotic Virus":45,"TungstenRod":8,"Runic Pyramid":34,"Pocketwatch":36},{"Lantern":25,"Torii":27,"War Paint":25,"Nuclear Battery":9,"Mercury Hourglass":15,"OrangePellets":7,"Bottled Flame":14,"Mummified Hand":5,"Shuriken":13,"Bronze Scales":14,"CultistMask":1,"Red Mask":12,"Toxic Egg 2":6,"Cracked Core":0,"StrikeDummy":24,"Symbiotic Virus":26,"TungstenRod":6,"Runic Pyramid":19,"Pocketwatch":21},{"Lantern":117,"Torii":132,"War Paint":117,"Nuclear Battery":33,"Mercury Hourglass":64,"OrangePellets":24,"Bottled Flame":59,"Mummified Hand":16,"Shuriken":53,"Bronze Scales":59,"CultistMask":3,"Red Mask":46,"Toxic Egg 2":22,"Cracked Core":0,"StrikeDummy":111,"Symbiotic Virus":123,"TungstenRod":22,"Runic Pyramid":87,"Pocketwatch":96}],"TungstenRod":20,"Mercury Hourglass":[324],"Pocketwatch":[2]},"card_choices":[{"not_picked":["Rebound","Hologram"],"picked":"Streamline","floor":1.0},{"not_picked":["FTL","Steam Power"],"picked":"Loop","floor":3.0},{"not_picked":["BootSequence","Redo"],"picked":"Darkness","floor":4.0},{"not_picked":["Melter","Reprogram"],"picked":"Ball Lightning","floor":5.0},{"not_picked":["Turbo","Sunder"],"picked":"Storm","floor":6.0},{"not_picked":["Stack","Sweeping Beam"],"picked":"Capacitor","floor":8.0},{"not_picked":["Stack+1","Gash"],"picked":"Barrage","floor":10.0},{"not_picked":["Recycle+1","Leap+1"],"picked":"Glacier+1","floor":12.0},{"not_picked":["Machine Learning","Core Surge"],"picked":"Biased Cognition","floor":16.0},{"not_picked":["Gash","Double Energy+1"],"picked":"Undo+1","floor":18.0},{"not_picked":["Redo+1","Sunder"],"picked":"Glacier+1","floor":19.0},{"not_picked":["Gash","Redo+1"],"picked":"Compile Driver","floor":20.0},{"not_picked":["Buffer","Sweeping Beam"],"picked":"Conserve Battery+1","floor":21.0},{"not_picked":["Cold Snap","Barrage"],"picked":"Redo+1","floor":24.0},{"not_picked":["Gash","Sunder"],"picked":"Stack+1","floor":27},{"not_picked":["Melter","Scrape"],"picked":"Fission+1","floor":28},{"not_picked":["Reprogram+1","Stack+1"],"picked":"Recycle+1","floor":29},{"not_picked":["Undo+1","Gash"],"picked":"Coolheaded+1","floor":31},{"not_picked":["Creative AI","Echo Form"],"picked":"Seek+1","floor":33},{"not_picked":["Rebound","Cold Snap+1"],"picked":"Hologram+1","floor":35},{"not_picked":["Static Discharge","Compile Driver+1"],"picked":"Blizzard+1","floor":36},{"not_picked":["Beam Cell","Gash"],"picked":"Glacier+1","floor":38},{"not_picked":["Leap+1","Conserve Battery+1"],"picked":"Self Repair","floor":39},{"not_picked":["Compile Driver","Lockon","Gash+1"],"picked":"SKIP","floor":40},{"not_picked":["Rebound","Sweeping Beam","Genetic Algorithm+1"],"picked":"SKIP","floor":42},{"not_picked":["Chill+1","Doom and Gloom"],"picked":"Defragment","floor":44},{"not_picked":["Compile Driver","Rip and Tear"],"picked":"Creative AI","floor":47}],"player_experience":5072133,"relics_obtained":[{"floor":6.0,"key":"Mummified Hand"},{"floor":8.0,"key":"TungstenRod"},{"floor":9.0,"key":"Toxic Egg 2"},{"floor":20.0,"key":"Red Mask"},{"floor":22.0,"key":"Shuriken"},{"floor":24.0,"key":"Bronze Scales"},{"floor":26.0,"key":"Bottled Flame"},{"floor":27,"key":"Mercury Hourglass"},{"floor":36,"key":"Pocketwatch"},{"floor":40,"key":"StrikeDummy"},{"floor":42,"key":"War Paint"},{"floor":43,"key":"Lantern"},{"floor":47,"key":"Torii"}],"event_choices":[{"damage_healed":0.0,"max_hp_gain":0.0,"max_hp_loss":0.0,"gold_gain":0.0,"event_name":"FaceTrader","player_choice":"Trade","floor":2.0,"gold_loss":0.0,"damage_taken":0.0,"relics_obtained":["CultistMask"]},{"damage_healed":0.0,"max_hp_gain":0.0,"max_hp_loss":0.0,"gold_gain":0.0,"event_name":"Masked Bandits","player_choice":"Fought Bandits","floor":20.0,"gold_loss":0.0,"damage_taken":0.0},{"damage_healed":0,"gold_gain":0,"player_choice":"Fight","damage_taken":0,"max_hp_gain":0,"max_hp_loss":0,"event_name":"MindBloom","floor":36,"gold_loss":0},{"damage_healed":0,"gold_gain":0,"player_choice":"0 cards matched","damage_taken":0,"max_hp_gain":0,"max_hp_loss":0,"event_name":"Match and Keep!","floor":37,"gold_loss":0,"cards_obtained":[]},{"damage_healed":0,"gold_gain":0,"player_choice":"Max HP","damage_taken":0,"max_hp_gain":0,"max_hp_loss":4,"event_name":"Winding Halls","floor":48,"gold_loss":0}],"is_beta":false,"boss_relics":[{"not_picked":["Cursed Key","Calling Bell"],"picked":"Nuclear Battery"},{"not_picked":["FrozenCore","Velvet Choker"],"picked":"Runic Pyramid"}],"items_purged_floors":[11,30,45],"is_endless":false,"potions_floor_spawned":[3,8,10,12,16,18,27,29,31,38,47],"ascension_level":15}