{"gold_per_floor":[110,123,135,105,124,124,152,77,77,77,53,87,101,127,127,204,204,224,3,3,3,20,49,49,83,108,119,68,68,102,116,116,191,191,204,220,245,263,41,66,0,31,43,55,67,114,1,20,20,20],"floor_reached":51,"playtime":2964,"items_purged":["Strike_B","Strike_B","Defend_B"],"score":1576,"play_id":"4fd06666-8199-4363-b442-f7319033a20b","local_time":"20220317173417","is_ascension_mode":true,"campfire_choices":[{"data":"Streamline","floor":6.0,"key":"SMITH"},{"data":"Go for the Eyes","floor":10.0,"key":"SMITH"},{"data":"Genetic Algorithm","floor":15.0,"key":"SMITH"},{"floor":24.0,"key":"REST"},{"data":"Defragment","floor":29.0,"key":"SMITH"},{"data":"Capacitor","floor":32.0,"key":"SMITH"},{"data":"Barrage","floor":44.0,"key":"SMITH"},{"data":"Chaos","floor":49.0,"key":"SMITH"}],"neow_cost":"NONE","seed_source_timestamp":146807482483000,"circlet_count":0,"master_deck":["AscendersBane","Defend_B","Defend_B","Dualcast","Cold Snap","Sweeping Beam","Streamline+1","Go for the Eyes+1","Leap","Undo","Genetic Algorithm+1","Hologram","Echo Form","Barrage","Defragment+1","Self Repair","Capacitor+1","Rainbow","Double Energy","Chaos+1","Glacier+1","Seek","Undo+1","Melter+1","Steam+1","Barrage+1","Coolheaded","Compile Driver","Chill"],"special_seed":0,"relics":["Cracked Core","Centennial Puzzle","HornCleat","InkBottle","Art of War","Question Card","Nuclear Battery","CultistMask","Cables","MealTicket","DataDisk","Torii","Astrolabe","Pocketwatch","PreservedInsect","Bottled Flame","Red Mask","MawBank","Pear","Happy Flower"],"potions_floor_usage":[50,50],"damage_taken":[{"damage":4.0,"enemies":"Jaw Worm","floor":1.0,"turns":4.0},{"damage":0.0,"enemies":"Cultist","floor":2.0,"turns":3.0},{"damage":0.0,"enemies":"Small Slimes","floor":3.0,"turns":3.0},{"damage":8.0,"enemies":"Exordium Wildlife","floor":5.0,"turns":4.0},{"damage":21.0,"enemies":"Lagavulin","floor":7.0,"turns":5.0},{"damage":0.0,"enemies":"3 Sentries","floor":12.0,"turns":5.0},{"damage":0.0,"enemies":"2 Fungi Beasts","floor":13.0,"turns":2.0},{"damage":2.0,"enemies":"Lagavulin","floor":14.0,"turns":5.0},{"damage":19.0,"enemies":"Hexaghost","floor":16.0,"turns":11.0},{"damage":16.0,"enemies":"2 Thieves","floor":18.0,"turns":5.0},{"damage":3.0,"enemies":"Spheric Guardian","floor":22.0,"turns":7.0},{"damage":40.0,"enemies":"Gremlin Leader","floor":23.0,"turns":10.0},{"damage":16.0,"enemies":"Slavers","floor":25.0,"turns":9.0},{"damage":13.0,"enemies":"Chosen and Byrds","floor":27.0,"turns":9.0},{"damage":2.0,"enemies":"Book of Stabbing","floor":30.0,"turns":4.0},{"damage":0.0,"enemies":"Snake Plant","floor":31.0,"turns":5.0},{"damage":11.0,"enemies":"Collector","floor":33.0,"turns":13.0},{"damage":7.0,"enemies":"3 Darklings","floor":35.0,"turns":6.0},{"damage":0.0,"enemies":"3 Shapes","floor":36.0,"turns":7.0},{"damage":0.0,"enemies":"Mind Bloom Boss Battle","floor":37.0,"turns":7.0},{"damage":0.0,"enemies":"Writhing Mass","floor":38.0,"turns":9.0},{"damage":0.0,"enemies":"Nemesis","floor":40.0,"turns":9.0},{"damage":0.0,"enemies":"Giant Head","floor":42.0,"turns":8.0},{"damage":7.0,"enemies":"Nemesis","floor":46.0,"turns":5.0},{"damage":0.0,"enemies":"Maw","floor":48.0,"turns":9.0},{"damage":0,"enemies":"Awakened One","floor":50,"turns":19}],"seed_played":"-1185354605867555051","potions_obtained":[{"floor":2.0,"key":"Fruit Juice"},{"floor":4.0,"key":"ColorlessPotion"},{"floor":4.0,"key":"AttackPotion"},{"floor":7.0,"key":"Energy Potion"},{"floor":13.0,"key":"FearPotion"},{"floor":14.0,"key":"Regen Potion"},{"floor":30.0,"key":"CultistPotion"},{"floor":31.0,"key":"PotionOfCapacity"},{"floor":33.0,"key":"Regen Potion"},{"floor":35.0,"key":"Energy Potion"}],"is_trial":false,"path_per_floor":["M","M","M","?","M","R","E","$","T","R","$","E","M","E","R","B",null,"M","$","?","?","M","E","R","E","T","M","$","R","E","M","R","B",null,"M","M","?","M","$","E","?","E","T","R","?","E","$","M","R","B",null],"character_chosen":"DEFECT","items_purchased":["Leap","Defragment","SteroidPotion","Block Potion","PotionOfCapacity","PreservedInsect"],"campfire_rested":1,"item_purchase_floors":[11,19,19,28,39,39],"current_hp_per_floor":[60,60,60,65,57,57,36,36,36,36,36,36,36,34,34,15,61,57,57,57,57,61,35,57,48,48,42,57,57,62,69,69,65,73,76,76,76,76,76,76,76,76,86,86,86,86,86,86,86,86],"gold":20,"neow_bonus":"RANDOM_COMMON_RELIC","is_prod":false,"is_daily":false,"chose_seed":false,"campfire_upgraded":7,"win_rate":0,"timestamp":1647563657,"path_taken":["M","M","M","?","M","R","E","$","T","R","$","E","M","E","R","BOSS","M","?","?","?","?","E","R","E","T","M","$","R","E","M","R","BOSS","M","M","?","M","$","E","?","E","T","R","?","E","$","M","R","BOSS"],"build_version":"2022-03-07","purchased_purges":3,"victory":true,"max_hp_per_floor":[71,71,71,76,76,76,76,76,76,76,76,76,76,76,76,76,76,76,76,76,76,76,76,76,76,76,76,76,76,76,76,76,76,76,76,76,76,76,76,76,76,76,86,86,86,86,86,86,86,86],"relic_stats":{"Torii":3,"Happy Flower":[9],"counters":[26,183],"Astrolabe":["Undo","Melter","Steam"],"PreservedInsect":263,"Question Card":18,"MawBank":60,"Cables":[106,26,50,16,14],"Centennial Puzzle":[42],"Bottled Flame":"Compile Driver","MealTicket":15,"Art of War":[34],"obtain_stats":[{"Pear":43,"Torii":30,"Happy Flower":46,"Astrolabe":34,"PreservedInsect":39,"Question Card":14,"MawBank":42,"Nuclear Battery":17,"Cables":23,"Centennial Puzzle":0,"DataDisk":26,"Bottled Flame":40,"HornCleat":7,"MealTicket":25,"CultistMask":21,"Art of War":12,"Red Mask":41,"Cracked Core":0,"InkBottle":9,"Pocketwatch":37},{"Pear":23,"Torii":15,"Happy Flower":24,"Astrolabe":17,"PreservedInsect":21,"Question Card":8,"MawBank":23,"Nuclear Battery":9,"Cables":12,"Centennial Puzzle":0,"DataDisk":13,"Bottled Flame":22,"HornCleat":5,"MealTicket":13,"CultistMask":10,"Art of War":6,"Red Mask":22,"Cracked Core":0,"InkBottle":5,"Pocketwatch":20},{"Pear":150,"Torii":86,"Happy Flower":155,"Astrolabe":104,"PreservedInsect":133,"Question Card":31,"MawBank":150,"Nuclear Battery":42,"Cables":64,"Centennial Puzzle":0,"DataDisk":73,"Bottled Flame":142,"HornCleat":19,"MealTicket":73,"CultistMask":47,"Art of War":24,"Red Mask":142,"Cracked Core":0,"InkBottle":19,"Pocketwatch":124}],"InkBottle":[62],"Pocketwatch":[35]},"card_choices":[{"not_picked":["Barrage","Hologram"],"picked":"Gash","floor":1.0},{"not_picked":["Static Discharge","Sunder"],"picked":"Cold Snap","floor":2.0},{"not_picked":["Coolheaded","Stack"],"picked":"Sweeping Beam","floor":3.0},{"not_picked":["Recycle","Steam"],"picked":"Streamline","floor":5.0},{"not_picked":["Doom and Gloom","Recycle"],"picked":"Go for the Eyes","floor":7.0},{"not_picked":["Turbo","Steam"],"picked":"Undo","floor":12.0},{"not_picked":["Scrape","Skim"],"picked":"Genetic Algorithm","floor":13.0},{"not_picked":["Tempest","Double Energy"],"picked":"Hologram","floor":14.0},{"not_picked":["Multi-Cast","Rainbow","Machine Learning"],"picked":"Echo Form","floor":16.0},{"not_picked":["Coolheaded","Leap","Rebound"],"picked":"Barrage","floor":18.0},{"not_picked":["Melter","Gash","Streamline"],"picked":"Rainbow","floor":22.0},{"not_picked":["Echo Form","Self Repair","Sweeping Beam","Barrage"],"picked":"SKIP","floor":23.0},{"not_picked":["Self Repair","Stack","Auto Shields"],"picked":"Double Energy","floor":25.0},{"not_picked":["Cold Snap","Gash","Sweeping Beam"],"picked":"Chaos","floor":27.0},{"not_picked":["Cold Snap","Hyperbeam","Gash"],"picked":"Glacier+1","floor":30.0},{"not_picked":["FTL","Turbo","Gash","Auto Shields"],"picked":"SKIP","floor":31.0},{"not_picked":["Thunder Strike","Machine Learning","Reboot"],"picked":"Seek","floor":33.0},{"not_picked":["Go for the Eyes","Self Repair+1","Rebound"],"picked":"Barrage","floor":35.0},{"not_picked":["Aggregate","Gash","Sweeping Beam","Ball Lightning"],"picked":"SKIP","floor":36.0},{"not_picked":["Storm","Hologram","All For One"],"picked":"Coolheaded","floor":37.0},{"not_picked":["Leap+1","Beam Cell","Cold Snap"],"picked":"Compile Driver","floor":38.0},{"not_picked":["Hyperbeam","Turbo+1","Compile Driver"],"picked":"Chill","floor":40.0},{"not_picked":["Hello World+1","Sweeping Beam+1","Redo","Rebound"],"picked":"SKIP","floor":42.0},{"not_picked":["Auto Shields","Steam","Static Discharge","Barrage"],"picked":"SKIP","floor":46.0},{"not_picked":["Rebound","Steam","Hologram+1","Force Field"],"picked":"SKIP","floor":48.0}],"player_experience":5086981,"relics_obtained":[{"floor":7.0,"key":"HornCleat"},{"floor":9.0,"key":"InkBottle"},{"floor":12.0,"key":"Art of War"},{"floor":14.0,"key":"Question Card"},{"floor":23.0,"key":"Cables"},{"floor":25.0,"key":"MealTicket"},{"floor":26.0,"key":"DataDisk"},{"floor":30.0,"key":"Torii"},{"floor":37.0,"key":"Pocketwatch"},{"floor":40.0,"key":"Bottled Flame"},{"floor":42.0,"key":"MawBank"},{"floor":43.0,"key":"Pear"},{"floor":46.0,"key":"Happy Flower"}],"event_choices":[{"damage_healed":0.0,"max_hp_gain":0.0,"max_hp_loss":0.0,"gold_gain":0.0,"event_name":"The Woman in Blue","player_choice":"Bought 2 Potions","floor":4.0,"gold_loss":0.0,"damage_taken":0.0},{"damage_healed":0.0,"max_hp_gain":0.0,"max_hp_loss":0.0,"gold_gain":0.0,"cards_transformed":["Strike_B","Strike_B"],"event_name":"Drug Dealer","player_choice":"Became Test Subject","floor":20.0,"gold_loss":0.0,"damage_taken":0.0,"cards_obtained":["Self Repair","Capacitor"]},{"damage_healed":0.0,"max_hp_gain":0.0,"max_hp_loss":0.0,"gold_gain":0.0,"event_name":"FaceTrader","player_choice":"Trade","floor":21.0,"gold_loss":0.0,"damage_taken":0.0,"relics_obtained":["CultistMask"]},{"damage_healed":0.0,"max_hp_gain":0.0,"max_hp_loss":0.0,"gold_gain":0.0,"event_name":"MindBloom","player_choice":"Fight","floor":37.0,"gold_loss":0.0,"damage_taken":0.0},{"damage_healed":0.0,"max_hp_gain":0.0,"max_hp_loss":0.0,"gold_gain":0.0,"event_name":"Tomb of Lord Red Mask","player_choice":"Paid","floor":41.0,"gold_loss":66.0,"damage_taken":0.0,"relics_obtained":["Red Mask"]},{"damage_healed":0.0,"max_hp_gain":0.0,"max_hp_loss":0.0,"gold_gain":0.0,"event_name":"SensoryStone","player_choice":"Memory 1","floor":45.0,"gold_loss":0.0,"damage_taken":0.0}],"is_beta":false,"boss_relics":[{"not_picked":["Sozu","Snecko Eye"],"picked":"Nuclear Battery"},{"not_picked":["Pandora\u0027s Box","Velvet Choker"],"picked":"Astrolabe"}],"items_purged_floors":[8,19,47],"is_endless":false,"potions_floor_spawned":[2,7,13,14,22,30,31,33,35,40,48],"ascension_level":15}