{"gold_per_floor":[113,128,138,138,8,41,41,61,61,89,99,99,124,16,16,95,95,105,105,117,117,132,132,149,181,181,208,225,225,250,72,72,150,150,161,36,36,36,47,47,77,77,77,95,123,133,133,13,13,13],"floor_reached":51,"playtime":1623,"items_purged":["Strike_B","Strike_B","Strike_B","Decay"],"score":1464,"play_id":"1edf4b8a-2556-4c4a-af20-aa19c0d0c433","local_time":"20220320165701","is_ascension_mode":true,"campfire_choices":[{"data":"Barrage","floor":7.0,"key":"SMITH"},{"data":"Defragment","floor":12.0,"key":"SMITH"},{"data":"Electrodynamics","floor":15.0,"key":"SMITH"},{"floor":23.0,"key":"REST"},{"data":"Self Repair","floor":29,"key":"SMITH"},{"data":"Sweeping Beam","floor":32,"key":"SMITH"},{"data":"Zap","floor":40,"key":"SMITH"},{"data":"Glacier","floor":42,"key":"SMITH"},{"data":"Dark Shackles","floor":49,"key":"SMITH"}],"neow_cost":"NONE","seed_source_timestamp":204485964210400,"circlet_count":0,"master_deck":["AscendersBane","Strike_B","Defend_B","Defend_B","Defend_B","Defend_B","Zap+1","Dualcast","Defragment+1","Self Repair+1","Conserve Battery","Glacier+1","Barrage+1","Electrodynamics+1","Sweeping Beam+1","Ball Lightning","Capacitor+1","Buffer+1","CurseOfTheBell","Cold Snap","Loop+1","Storm+1","Heatsinks+1","Biased Cognition+1","Compile Driver","Turbo+1","Biased Cognition+1","Loop+1","Cold Snap+1","Aggregate","Undo","Heatsinks+1","Parasite","Dark Shackles+1"],"special_seed":0,"relics":["Cracked Core","Ornamental Fan","HornCleat","Frozen Egg 2","Pen Nib","Calling Bell","Vajra","Meat on the Bone","Torii","Mummified Hand","Cables","PreservedInsect","Juzu Bracelet","TungstenRod","Inserter","Blood Vial","The Courier","Bag of Preparation"],"potions_floor_usage":[30,33,50,50],"damage_taken":[{"damage":0.0,"enemies":"2 Louse","floor":1.0,"turns":2.0},{"damage":12.0,"enemies":"Jaw Worm","floor":2.0,"turns":3.0},{"damage":14.0,"enemies":"Small Slimes","floor":3.0,"turns":6.0},{"damage":0.0,"enemies":"3 Sentries","floor":6.0,"turns":9.0},{"damage":9.0,"enemies":"Gremlin Gang","floor":8.0,"turns":7.0},{"damage":22.0,"enemies":"Gremlin Nob","floor":10.0,"turns":4.0},{"damage":5.0,"enemies":"3 Louse","floor":11.0,"turns":2.0},{"damage":3.0,"enemies":"3 Sentries","floor":13.0,"turns":4.0},{"damage":5.0,"enemies":"The Guardian","floor":16.0,"turns":9.0},{"damage":0.0,"enemies":"Spheric Guardian","floor":18.0,"turns":3.0},{"damage":15.0,"enemies":"Chosen","floor":20.0,"turns":6.0},{"damage":20.0,"enemies":"Shelled Parasite and Fungi","floor":22.0,"turns":3.0},{"damage":9.0,"enemies":"Centurion and Healer","floor":24.0,"turns":3.0},{"damage":6.0,"enemies":"Gremlin Leader","floor":25.0,"turns":4.0},{"damage":29,"enemies":"Slavers","floor":27,"turns":2},{"damage":0,"enemies":"3 Cultists","floor":28,"turns":3},{"damage":5,"enemies":"Gremlin Leader","floor":30,"turns":3},{"damage":16,"enemies":"Automaton","floor":33,"turns":7},{"damage":13,"enemies":"3 Shapes","floor":35,"turns":2},{"damage":0,"enemies":"Orb Walker","floor":39,"turns":3},{"damage":0,"enemies":"Reptomancer","floor":41,"turns":4},{"damage":0,"enemies":"Sphere and 2 Shapes","floor":44,"turns":4},{"damage":0,"enemies":"Giant Head","floor":45,"turns":6},{"damage":0,"enemies":"Writhing Mass","floor":46,"turns":4},{"damage":20,"enemies":"Donu and Deca","floor":50,"turns":5}],"seed_played":"6249604915146009304","potions_obtained":[{"floor":0.0,"key":"CultistPotion"},{"floor":0.0,"key":"FearPotion"},{"floor":2.0,"key":"Regen Potion"},{"floor":3.0,"key":"FocusPotion"},{"floor":11.0,"key":"SteroidPotion"},{"floor":20.0,"key":"GamblersBrew"},{"floor":24.0,"key":"Strength Potion"},{"floor":27,"key":"Weak Potion"},{"floor":33,"key":"Regen Potion"},{"floor":46,"key":"Ancient Potion"}],"is_trial":false,"path_per_floor":["M","M","M","?","$","E","R","M","T","E","M","R","E","$","R","B",null,"M","?","M","?","M","R","M","E","T","E","M","R","E","$","R","B",null,"M","$","?","?","M","R","E","R","T","M","E","M","?","$","R","B",null],"character_chosen":"DEFECT","items_purchased":["Glacier","Barrage","Capacitor+1","Block Potion","Coolheaded"],"campfire_rested":1,"item_purchase_floors":[5,5,14,31,31],"current_hp_per_floor":[64,52,60,60,60,67,67,65,65,50,45,45,42,42,42,44,64,64,64,56,56,36,57,55,56,56,39,46,46,51,51,51,57,68,65,65,65,65,65,65,71,71,71,71,71,71,71,71,71,61],"gold":13,"neow_bonus":"THREE_SMALL_POTIONS","is_prod":false,"is_daily":false,"chose_seed":false,"campfire_upgraded":8,"win_rate":0,"timestamp":1647820621,"path_taken":["M","M","M","?","$","E","R","M","T","E","M","R","E","?","R","BOSS","M","?","M","?","M","R","?","E","T","E","M","R","E","$","R","BOSS","M","$","?","?","M","R","E","R","T","M","E","M","?","$","R","BOSS"],"build_version":"2022-03-07","purchased_purges":4,"victory":true,"max_hp_per_floor":[71,71,71,71,71,71,71,71,71,71,71,71,71,71,71,71,71,71,71,71,71,71,71,71,71,71,71,71,71,71,71,71,71,71,71,71,71,71,71,71,71,71,71,71,71,71,71,71,71,71],"relic_stats":{"Inserter":[14],"Torii":23,"counters":[25,107],"Pen Nib":[7],"PreservedInsect":279,"The Courier":30,"Juzu Bracelet":1,"Bag of Preparation":[4],"Cables":[35,30,5,0,0],"Blood Vial":0,"Ornamental Fan":[8],"Mummified Hand":[102],"obtain_stats":[{"Inserter":34,"Torii":17,"Vajra":17,"Pen Nib":13,"PreservedInsect":26,"The Courier":43,"Juzu Bracelet":27,"Bag of Preparation":45,"Frozen Egg 2":10,"Cables":25,"Calling Bell":17,"Blood Vial":41,"HornCleat":9,"Ornamental Fan":6,"Mummified Hand":21,"Cracked Core":0,"TungstenRod":30,"Meat on the Bone":17},{"Inserter":18,"Torii":9,"Vajra":9,"Pen Nib":8,"PreservedInsect":14,"The Courier":21,"Juzu Bracelet":15,"Bag of Preparation":23,"Frozen Egg 2":6,"Cables":14,"Calling Bell":9,"Blood Vial":21,"HornCleat":5,"Ornamental Fan":4,"Mummified Hand":11,"Cracked Core":0,"TungstenRod":17,"Meat on the Bone":9},{"Inserter":80,"Torii":46,"Vajra":46,"Pen Nib":37,"PreservedInsect":65,"The Courier":89,"Juzu Bracelet":67,"Bag of Preparation":98,"Frozen Egg 2":31,"Cables":65,"Calling Bell":46,"Blood Vial":89,"HornCleat":27,"Ornamental Fan":20,"Mummified Hand":55,"Cracked Core":0,"TungstenRod":73,"Meat on the Bone":46}],"TungstenRod":7,"Meat on the Bone":24},"card_choices":[{"not_picked":["Turbo","Compile Driver"],"picked":"Defragment","floor":1.0},{"not_picked":["Gash","Force Field"],"picked":"Self Repair","floor":2.0},{"not_picked":["Gash","Hologram"],"picked":"Conserve Battery","floor":3.0},{"not_picked":["Self Repair","Consume","Beam Cell"],"picked":"SKIP","floor":6.0},{"not_picked":["Storm","Go for the Eyes"],"picked":"Electrodynamics","floor":8.0},{"not_picked":["Barrage","Sweeping Beam","Multi-Cast"],"picked":"SKIP","floor":10.0},{"not_picked":["Barrage","Multi-Cast"],"picked":"Sweeping Beam","floor":10.0},{"not_picked":["Hologram","Hello World+1","Sweeping Beam"],"picked":"SKIP","floor":11.0},{"not_picked":["Force Field","Fusion"],"picked":"Ball Lightning","floor":13.0},{"not_picked":["Multi-Cast","Machine Learning+1"],"picked":"Buffer+1","floor":16.0},{"not_picked":["Skim","Steam"],"picked":"Cold Snap","floor":18.0},{"not_picked":["Recycle","Melter","Rip and Tear"],"picked":"SKIP","floor":20.0},{"not_picked":["Chaos","Scrape"],"picked":"Storm+1","floor":22.0},{"not_picked":["Gash","Chaos+1"],"picked":"Heatsinks+1","floor":24.0},{"not_picked":["Ball Lightning","Hologram"],"picked":"Biased Cognition+1","floor":25.0},{"not_picked":["Turbo","Streamline"],"picked":"Compile Driver","floor":27},{"not_picked":["Sweeping Beam","Skim","Streamline+1"],"picked":"SKIP","floor":28},{"not_picked":["Seek","Storm+1"],"picked":"Turbo+1","floor":30},{"not_picked":["Machine Learning+1","Multi-Cast"],"picked":"Biased Cognition+1","floor":33},{"not_picked":["Blizzard","Conserve Battery"],"picked":"Loop+1","floor":35},{"not_picked":["Ball Lightning","Gash+1"],"picked":"Cold Snap+1","floor":39},{"not_picked":["Fusion","Sweeping Beam"],"picked":"Aggregate","floor":41},{"not_picked":["Gash","Cold Snap"],"picked":"Undo","floor":44},{"not_picked":["Force Field","Hyperbeam"],"picked":"Heatsinks+1","floor":45},{"not_picked":["Conserve Battery","Leap","Compile Driver"],"picked":"SKIP","floor":46},{"not_picked":["Forethought","Panache+1"],"picked":"Dark Shackles","floor":47}],"player_experience":5095717,"relics_obtained":[{"floor":6.0,"key":"Ornamental Fan"},{"floor":9.0,"key":"HornCleat"},{"floor":10.0,"key":"Frozen Egg 2"},{"floor":13.0,"key":"Pen Nib"},{"floor":17.0,"key":"Vajra"},{"floor":17.0,"key":"Meat on the Bone"},{"floor":17.0,"key":"Torii"},{"floor":21.0,"key":"Mummified Hand"},{"floor":25.0,"key":"Cables"},{"floor":26.0,"key":"PreservedInsect"},{"floor":27,"key":"Juzu Bracelet"},{"floor":30,"key":"TungstenRod"},{"floor":41,"key":"Blood Vial"},{"floor":43,"key":"The Courier"},{"floor":45,"key":"Bag of Preparation"}],"event_choices":[{"damage_healed":0.0,"max_hp_gain":0.0,"max_hp_loss":0.0,"gold_gain":0.0,"event_name":"Shining Light","player_choice":"Ignored","floor":4.0,"gold_loss":0.0,"damage_taken":0.0},{"damage_healed":0.0,"max_hp_gain":0.0,"max_hp_loss":0.0,"gold_gain":0.0,"event_name":"The Library","player_choice":"Read","floor":19.0,"gold_loss":0.0,"damage_taken":0.0,"cards_obtained":["Loop"]},{"damage_healed":0.0,"max_hp_gain":0.0,"max_hp_loss":0.0,"gold_gain":0.0,"event_name":"Wheel of Change","player_choice":"Relic","floor":21.0,"gold_loss":0.0,"damage_taken":0.0},{"damage_healed":0,"gold_gain":0,"player_choice":"Cursed","damage_taken":0,"max_hp_gain":0,"max_hp_loss":0,"event_name":"Wheel of Change","floor":37,"gold_loss":0,"cards_obtained":["Decay"]},{"cards_removed":["Coolheaded"],"damage_healed":0,"gold_gain":0,"player_choice":"Removed Skill","damage_taken":0,"max_hp_gain":0,"max_hp_loss":0,"event_name":"Falling","floor":38,"gold_loss":0},{"damage_healed":0,"gold_gain":0,"player_choice":"Memory 1","damage_taken":0,"max_hp_gain":0,"max_hp_loss":0,"event_name":"SensoryStone","floor":47,"gold_loss":0}],"is_beta":false,"boss_relics":[{"not_picked":["Pandora\u0027s Box","Sozu"],"picked":"Calling Bell"},{"not_picked":["Velvet Choker","Runic Pyramid"],"picked":"Inserter"}],"items_purged_floors":[14,31,36,48],"is_endless":false,"potions_floor_spawned":[2,3,11,20,24,25,27,33,39,46],"ascension_level":15}