{"gold_per_floor":[116,116,25,25,25,56,6,6,6,30,74,74,149,185,185,284,284,299,315,295,313,92,92,123,139,163,201,217,241,241],"floor_reached":30,"playtime":973,"items_purged":["Strike_B"],"score":544,"play_id":"c0a0547d-233f-430c-8dee-ed2bcb5b3e4d","local_time":"20220731114349","is_ascension_mode":true,"campfire_choices":[{"data":"Sunder","floor":8.0,"key":"SMITH"},{"data":"Self Repair","floor":12.0,"key":"SMITH"},{"data":"Genetic Algorithm","floor":15.0,"key":"SMITH"},{"data":"Sweeping Beam","floor":23.0,"key":"SMITH"}],"neow_cost":"NONE","seed_source_timestamp":13450980651400,"circlet_count":0,"master_deck":["AscendersBane","Strike_B","Strike_B","Strike_B","Defend_B","Defend_B","Defend_B","Defend_B","Zap+1","Dualcast","Sunder+1","Genetic Algorithm+1","Cold Snap","Barrage","Compile Driver","Self Repair+1","Core Surge","CurseOfTheBell","Sweeping Beam+1","Ball Lightning","Cold Snap+1","Creative AI","Chill","Buffer"],"special_seed":0,"relics":["Cracked Core","NeowsBlessing","Golden Idol","Centennial Puzzle","Blood Vial","Eternal Feather","Thread and Needle","Ice Cream","Calling Bell","Orichalcum","Matryoshka","FossilizedHelix","Vajra","Pear","Potion Belt","Darkstone Periapt"],"potions_floor_usage":[27,30],"damage_taken":[{"damage":0.0,"enemies":"Cultist","floor":1.0,"turns":1.0},{"damage":0.0,"enemies":"Gremlin Nob","floor":6.0,"turns":1.0},{"damage":0.0,"enemies":"2 Louse","floor":10.0,"turns":1.0},{"damage":21.0,"enemies":"3 Sentries","floor":11.0,"turns":6.0},{"damage":6.0,"enemies":"Gremlin Nob","floor":14.0,"turns":3.0},{"damage":8.0,"enemies":"Slime Boss","floor":16.0,"turns":7.0},{"damage":2.0,"enemies":"2 Thieves","floor":18.0,"turns":3.0},{"damage":0.0,"enemies":"Shell Parasite","floor":19.0,"turns":6.0},{"damage":14.0,"enemies":"Snake Plant","floor":21.0,"turns":3.0},{"damage":38.0,"enemies":"Slavers","floor":24.0,"turns":6.0},{"damage":0.0,"enemies":"3 Cultists","floor":25.0,"turns":6.0},{"damage":19,"enemies":"Book of Stabbing","floor":27,"turns":6},{"damage":0,"enemies":"Snecko","floor":28,"turns":3},{"damage":17,"enemies":"Snake Plant","floor":29,"turns":6},{"damage":68,"enemies":"Gremlin Leader","floor":30,"turns":8}],"seed_played":"4229886888966126544","potions_obtained":[{"floor":11.0,"key":"LiquidMemories"},{"floor":14.0,"key":"FearPotion"},{"floor":16.0,"key":"Explosive Potion"},{"floor":18.0,"key":"Energy Potion"},{"floor":21.0,"key":"DistilledChaos"},{"floor":24.0,"key":"SkillPotion"},{"floor":27,"key":"Block Potion"}],"is_trial":false,"path_per_floor":["M","?","$","?","$","E","?","R","T","M","E","R","?","E","R","B",null,"M","M","?","M","$","R","E","M","T","E","M","M","E"],"character_chosen":"DEFECT","items_purchased":["Genetic Algorithm","Cold Snap","Creative AI","Chill"],"campfire_rested":0,"item_purchase_floors":[3,3,22,22],"current_hp_per_floor":[64,64,64,64,64,64,64,64,64,64,43,52,41,37,46,50,61,64,64,64,60,60,64,36,48,58,51,53,58,0],"gold":241,"neow_bonus":"THREE_ENEMY_KILL","is_prod":false,"is_daily":false,"chose_seed":false,"campfire_upgraded":4,"win_rate":0,"timestamp":1659293029,"path_taken":["M","?","$","?","$","E","?","R","T","?","E","R","?","E","R","BOSS","M","M","?","M","$","R","E","M","T","E","M","M","E"],"build_version":"2022-03-07","purchased_purges":1,"victory":false,"max_hp_per_floor":[71,64,64,64,64,64,64,64,64,64,64,64,64,64,64,64,64,64,64,64,64,64,64,64,64,74,74,74,74,74],"relic_stats":{"Blood Vial":16,"Ice Cream":[4],"Darkstone Periapt":0,"Centennial Puzzle":[27],"Matryoshka":1,"counters":[15,66],"Golden Idol":82,"Eternal Feather":22,"Orichalcum":[108],"obtain_stats":[{"Ice Cream":14,"Potion Belt":26,"Darkstone Periapt":27,"Pear":26,"NeowsBlessing":0,"Golden Idol":2,"Vajra":24,"Eternal Feather":9,"Thread and Needle":11,"Orichalcum":17,"Blood Vial":7,"Calling Bell":17,"Centennial Puzzle":6,"Matryoshka":17,"Cracked Core":0,"FossilizedHelix":17},{"Ice Cream":5,"Potion Belt":11,"Darkstone Periapt":12,"Pear":11,"NeowsBlessing":0,"Golden Idol":1,"Vajra":10,"Eternal Feather":2,"Thread and Needle":4,"Orichalcum":6,"Blood Vial":2,"Calling Bell":6,"Centennial Puzzle":2,"Matryoshka":6,"Cracked Core":0,"FossilizedHelix":6},{"Ice Cream":12,"Potion Belt":43,"Darkstone Periapt":49,"Pear":43,"NeowsBlessing":0,"Golden Idol":1,"Vajra":37,"Eternal Feather":2,"Thread and Needle":9,"Orichalcum":19,"Blood Vial":2,"Calling Bell":19,"Centennial Puzzle":2,"Matryoshka":19,"Cracked Core":0,"FossilizedHelix":19}],"FossilizedHelix":[34]},"card_choices":[{"not_picked":["Barrage","Conserve Battery"],"picked":"Sunder","floor":1.0},{"not_picked":["Storm","Machine Learning"],"picked":"Barrage","floor":6.0},{"not_picked":["Sunder","Auto Shields"],"picked":"Compile Driver","floor":10.0},{"not_picked":["Genetic Algorithm","Darkness"],"picked":"Self Repair","floor":11.0},{"not_picked":["Heatsinks","Tempest","Beam Cell"],"picked":"SKIP","floor":14.0},{"not_picked":["Thunder Strike","Amplify"],"picked":"Core Surge","floor":16.0},{"not_picked":["Self Repair","Gash"],"picked":"Sweeping Beam","floor":18.0},{"not_picked":["Beam Cell","Gash"],"picked":"Ball Lightning","floor":19.0},{"not_picked":["Gash","BootSequence"],"picked":"Cold Snap+1","floor":21.0},{"not_picked":["Steam Power","Barrage+1"],"picked":"Buffer","floor":24.0},{"not_picked":["Leap","Hologram","Barrage"],"picked":"SKIP","floor":25.0},{"not_picked":["Conserve Battery","Static Discharge","Doom and Gloom"],"picked":"SKIP","floor":27},{"not_picked":["Auto Shields","Storm","Beam Cell"],"picked":"SKIP","floor":28},{"not_picked":["Fusion","Auto Shields","Hello World"],"picked":"SKIP","floor":29}],"player_experience":5164626,"relics_obtained":[{"floor":6.0,"key":"Centennial Puzzle"},{"floor":9.0,"key":"Eternal Feather"},{"floor":11.0,"key":"Thread and Needle"},{"floor":14.0,"key":"Ice Cream"},{"floor":17.0,"key":"Orichalcum"},{"floor":17.0,"key":"Matryoshka"},{"floor":17.0,"key":"FossilizedHelix"},{"floor":24.0,"key":"Vajra"},{"floor":26.0,"key":"Pear"},{"floor":26.0,"key":"Potion Belt"},{"floor":27,"key":"Darkstone Periapt"}],"event_choices":[{"damage_healed":0.0,"max_hp_gain":0.0,"max_hp_loss":7.0,"gold_gain":0.0,"event_name":"Golden Idol","player_choice":"Lose Max HP","floor":2.0,"gold_loss":0.0,"damage_taken":0.0,"relics_obtained":["Golden Idol"]},{"damage_healed":0.0,"max_hp_gain":0.0,"max_hp_loss":0.0,"gold_gain":0.0,"event_name":"Living Wall","player_choice":"Grow","floor":4.0,"gold_loss":0.0,"damage_taken":0.0,"cards_upgraded":["Zap"]},{"damage_healed":0.0,"max_hp_gain":0.0,"max_hp_loss":0.0,"gold_gain":0.0,"event_name":"WeMeetAgain","player_choice":"Paid Gold","floor":7.0,"gold_loss":50.0,"damage_taken":0.0,"relics_obtained":["Blood Vial"]},{"damage_healed":0.0,"max_hp_gain":0.0,"max_hp_loss":0.0,"gold_gain":75.0,"event_name":"World of Goop","player_choice":"Gather Gold","floor":13.0,"gold_loss":0.0,"damage_taken":11.0},{"damage_healed":0.0,"max_hp_gain":0.0,"max_hp_loss":0.0,"gold_gain":0.0,"event_name":"The Woman in Blue","player_choice":"Bought 1 Potion","floor":20.0,"gold_loss":0.0,"damage_taken":0.0}],"is_beta":false,"boss_relics":[{"not_picked":["Sozu","Fusion Hammer"],"picked":"Calling Bell"}],"items_purged_floors":[22],"is_endless":false,"potions_floor_spawned":[11,14,16,18,21,24,27],"killed_by":"Gremlin Leader","ascension_level":15}