{"gold_per_floor":[110,110,130,149,159,190,204,204,228,228,263,273,273],"floor_reached":13,"playtime":316,"items_purged":[],"score":170,"play_id":"4247427a-0639-4274-a036-44538bbb625d","local_time":"20220731172247","is_ascension_mode":true,"campfire_choices":[{"data":"Sweeping Beam","floor":8.0,"key":"SMITH"},{"data":"Zap","floor":10.0,"key":"SMITH"}],"neow_cost":"NONE","seed_source_timestamp":34528102922500,"circlet_count":0,"master_deck":["AscendersBane","Strike_B","Strike_B","Strike_B","Strike_B","Defend_B","Defend_B","Defend_B","Defend_B","Zap+1","Dualcast","Glacier","Streamline","Sweeping Beam+1","Static Discharge","Compile Driver","Cold Snap","Barrage","Leap"],"special_seed":0,"relics":["Cracked Core","Bag of Preparation","MealTicket","Smiling Mask"],"potions_floor_usage":[11,11,13],"damage_taken":[{"damage":17.0,"enemies":"Small Slimes","floor":1.0,"turns":3.0},{"damage":1.0,"enemies":"Cultist","floor":3.0,"turns":4.0},{"damage":7.0,"enemies":"Jaw Worm","floor":4.0,"turns":2.0},{"damage":1.0,"enemies":"2 Fungi Beasts","floor":5.0,"turns":3.0},{"damage":27.0,"enemies":"Lagavulin","floor":6.0,"turns":6.0},{"damage":0.0,"enemies":"3 Louse","floor":7.0,"turns":3.0},{"damage":8,"enemies":"Gremlin Nob","floor":11,"turns":3},{"damage":7,"enemies":"Red Slaver","floor":12,"turns":3},{"damage":10,"enemies":"Exordium Thugs","floor":13,"turns":2}],"seed_played":"-2599364668612839131","potions_obtained":[{"floor":1.0,"key":"Swift Potion"},{"floor":2.0,"key":"Explosive Potion"},{"floor":5.0,"key":"EntropicBrew"},{"floor":12,"key":"PowerPotion"}],"is_trial":false,"path_per_floor":["M","?","M","M","M","E","M","R","T","R","E","M","M"],"character_chosen":"DEFECT","items_purchased":[],"campfire_rested":0,"item_purchase_floors":[],"current_hp_per_floor":[54,54,53,46,45,18,18,18,18,18,10,3,0],"gold":273,"neow_bonus":"TEN_PERCENT_HP_BONUS","is_prod":false,"is_daily":false,"chose_seed":false,"campfire_upgraded":2,"win_rate":0,"timestamp":1659313367,"path_taken":["M","?","M","M","M","E","M","R","T","R","E","M","?"],"build_version":"2022-03-07","purchased_purges":0,"victory":false,"max_hp_per_floor":[78,78,78,78,78,78,78,78,78,78,78,78,78],"relic_stats":{"counters":[9,29],"MealTicket":0,"Bag of Preparation":[8],"Smiling Mask":0,"obtain_stats":[{"MealTicket":9,"Bag of Preparation":6,"Cracked Core":0,"Smiling Mask":11},{"MealTicket":6,"Bag of Preparation":5,"Cracked Core":0,"Smiling Mask":7},{"MealTicket":21,"Bag of Preparation":18,"Cracked Core":0,"Smiling Mask":24}]},"card_choices":[{"not_picked":["Rebound","Cold Snap"],"picked":"Glacier","floor":1.0},{"not_picked":["Scrape","Sunder"],"picked":"Streamline","floor":3.0},{"not_picked":["Steam","Buffer"],"picked":"Sweeping Beam","floor":4.0},{"not_picked":["Melter","Coolheaded"],"picked":"Static Discharge","floor":5.0},{"not_picked":["Conserve Battery","Rebound"],"picked":"Compile Driver","floor":6.0},{"not_picked":["Skim","BootSequence"],"picked":"Cold Snap","floor":7.0},{"not_picked":["Stack","Conserve Battery"],"picked":"Barrage","floor":11},{"not_picked":["Ball Lightning","Redo"],"picked":"Leap","floor":12}],"player_experience":5165939,"relics_obtained":[{"floor":6.0,"key":"Bag of Preparation"},{"floor":9.0,"key":"MealTicket"},{"floor":11,"key":"Smiling Mask"}],"event_choices":[{"damage_healed":0.0,"max_hp_gain":0.0,"max_hp_loss":0.0,"gold_gain":0.0,"event_name":"Lab","player_choice":"Got Potions","floor":2.0,"gold_loss":0.0,"damage_taken":0.0}],"is_beta":false,"boss_relics":[],"items_purged_floors":[],"is_endless":false,"potions_floor_spawned":[1,5,12],"killed_by":"Exordium Thugs","ascension_level":15}