{"gold_per_floor":[118,135,84,104,179,179,217,217,265,299,299,299,326,366,366,366],"floor_reached":16,"playtime":499,"items_purged":[],"score":207,"play_id":"d31cfe5e-d54a-4f9c-b297-b974eb40f46e","local_time":"20220803215531","is_ascension_mode":true,"campfire_choices":[{"data":"Sweeping Beam","floor":6,"key":"SMITH"},{"floor":8,"key":"REST"},{"data":"Zap","floor":11,"key":"SMITH"},{"floor":12,"key":"REST"},{"data":"Consume","floor":15,"key":"SMITH"}],"neow_cost":"NONE","seed_source_timestamp":52668345339900,"circlet_count":0,"master_deck":["AscendersBane","Strike_B","Strike_B","Strike_B","Strike_B","Defend_B","Defend_B","Defend_B","Defend_B","Zap+1","Dualcast","CurseOfTheBell","Steam","Coolheaded","Sweeping Beam+1","Ball Lightning","Conserve Battery","Capacitor","Consume+1"],"relics":["Calling Bell","Anchor","Gremlin Horn","WingedGreaves","CeramicFish","Boot","Lantern","Vajra"],"potions_floor_usage":[7,10,14],"damage_taken":[{"damage":6,"enemies":"Cultist","floor":1,"turns":4},{"damage":0,"enemies":"Small Slimes","floor":2,"turns":4},{"damage":5,"enemies":"Jaw Worm","floor":4,"turns":5},{"damage":38,"enemies":"Gremlin Nob","floor":7,"turns":5},{"damage":8,"enemies":"3 Sentries","floor":10,"turns":7},{"damage":0,"enemies":"Red Slaver","floor":13,"turns":4},{"damage":22,"enemies":"Gremlin Nob","floor":14,"turns":4},{"damage":17,"enemies":"Hexaghost","floor":16,"turns":7}],"seed_played":"-2997924448307822967","potions_obtained":[{"floor":2,"key":"Dexterity Potion"},{"floor":13,"key":"ColorlessPotion"},{"floor":14,"key":"EssenceOfDarkness"}],"is_trial":false,"path_per_floor":["M","M","$","M","?","R","E","R","T","E","R","R","M","E","R","B"],"character_chosen":"DEFECT","items_purchased":["AttackPotion"],"campfire_rested":2,"item_purchase_floors":[3],"current_hp_per_floor":[58,58,58,53,42,42,4,25,25,17,17,38,38,16,16,0],"gold":366,"neow_bonus":"BOSS_RELIC","is_prod":false,"is_daily":false,"chose_seed":false,"campfire_upgraded":3,"win_rate":0,"timestamp":1659588931,"path_taken":["M","M","$","?","?","R","E","R","T","E","R","R","M","E","R","BOSS"],"build_version":"2022-03-07","purchased_purges":0,"victory":false,"max_hp_per_floor":[71,71,71,71,71,71,71,71,71,71,71,71,71,71,71,71],"relic_stats":{"Gremlin Horn":[3,3],"counters":[8,40],"CeramicFish":36,"WingedGreaves":2,"Boot":[3],"obtain_stats":[{"Calling Bell":0,"Anchor":0,"Lantern":10,"Gremlin Horn":0,"CeramicFish":7,"Vajra":14,"WingedGreaves":0,"Cracked Core":0,"Boot":9},{"Calling Bell":0,"Anchor":0,"Lantern":5,"Gremlin Horn":0,"CeramicFish":4,"Vajra":7,"WingedGreaves":0,"Cracked Core":0,"Boot":4},{"Calling Bell":0,"Anchor":0,"Lantern":25,"Gremlin Horn":0,"CeramicFish":18,"Vajra":33,"WingedGreaves":0,"Cracked Core":0,"Boot":18}]},"card_choices":[{"not_picked":["Force Field","Steam Power"],"picked":"Steam","floor":1},{"not_picked":["Loop","Go for the Eyes"],"picked":"Coolheaded","floor":2},{"not_picked":["Blizzard","Barrage"],"picked":"Sweeping Beam","floor":4},{"not_picked":["Streamline","Cold Snap"],"picked":"Ball Lightning","floor":7},{"not_picked":["Blizzard","Beam Cell"],"picked":"Conserve Battery","floor":10},{"not_picked":["White Noise","Reboot"],"picked":"Capacitor","floor":13},{"not_picked":["Go for the Eyes","Rebound"],"picked":"Consume","floor":14}],"player_experience":5188625,"relics_obtained":[{"floor":0,"key":"Anchor"},{"floor":0,"key":"Gremlin Horn"},{"floor":0,"key":"WingedGreaves"},{"floor":7,"key":"CeramicFish"},{"floor":9,"key":"Boot"},{"floor":10,"key":"Lantern"},{"floor":14,"key":"Vajra"}],"event_choices":[{"damage_healed":0,"gold_gain":75,"player_choice":"Gather Gold","damage_taken":11,"max_hp_gain":0,"max_hp_loss":0,"event_name":"World of Goop","floor":5,"gold_loss":0}],"is_beta":false,"boss_relics":[],"items_purged_floors":[],"is_endless":false,"potions_floor_spawned":[2,13,14],"killed_by":"Hexaghost","ascension_level":15}