{"gold_per_floor":[111,127,144,144,144,169,56,56,131,7,36,53,53],"floor_reached":13,"playtime":340,"items_purged":["Strike_B"],"score":163,"play_id":"56a2034a-8e14-44d4-82f3-98c53dc30d4f","local_time":"20220731171647","is_ascension_mode":true,"campfire_choices":[{"floor":8,"key":"REST"}],"neow_cost":"TEN_PERCENT_HP_LOSS","seed_source_timestamp":34152582465300,"circlet_count":0,"master_deck":["AscendersBane","Strike_B","Strike_B","Strike_B","Defend_B","Defend_B","Defend_B","Defend_B","Zap","Dualcast","Core Surge","Ball Lightning","Gash","Leap","Rebound","Loop","Capacitor","Genetic Algorithm","Ball Lightning"],"special_seed":0,"relics":["Cracked Core","Bronze Scales","Tiny Chest","Bottled Tornado","Toy Ornithopter"],"potions_floor_usage":[11,11],"damage_taken":[{"damage":4.0,"enemies":"Small Slimes","floor":1.0,"turns":3.0},{"damage":7.0,"enemies":"Jaw Worm","floor":2.0,"turns":3.0},{"damage":3.0,"enemies":"2 Louse","floor":3.0,"turns":2.0},{"damage":13.0,"enemies":"Gremlin Nob","floor":6.0,"turns":4.0},{"damage":5,"enemies":"3 Sentries","floor":11,"turns":4},{"damage":8,"enemies":"Blue Slaver","floor":12,"turns":3},{"damage":10,"enemies":"Lots of Slimes","floor":13,"turns":2}],"seed_played":"224771638628907838","potions_obtained":[{"floor":3.0,"key":"BlessingOfTheForge"},{"floor":6.0,"key":"BlessingOfTheForge"},{"floor":11,"key":"PotionOfCapacity"}],"is_trial":false,"path_per_floor":["M","M","M","?","?","E","$","R","T","$","E","M","M"],"character_chosen":"DEFECT","items_purchased":["Loop","Capacitor","Explosive Potion"],"campfire_rested":1,"item_purchase_floors":[7,10,10],"current_hp_per_floor":[60,53,50,15,15,2,2,21,21,21,16,8,0],"gold":53,"neow_bonus":"THREE_RARE_CARDS","is_prod":false,"is_daily":false,"chose_seed":false,"campfire_upgraded":0,"win_rate":0,"timestamp":1659313007,"path_taken":["M","M","M","?","?","E","$","R","T","?","E","M","M"],"build_version":"2022-03-07","purchased_purges":1,"victory":false,"max_hp_per_floor":[64,64,64,64,64,64,64,64,64,64,64,64,64],"relic_stats":{"counters":[7,21],"Bronze Scales":[34],"Tiny Chest":0,"Bottled Tornado":"Loop","obtain_stats":[{"Bronze Scales":4,"Tiny Chest":6,"Bottled Tornado":9,"Cracked Core":0,"Toy Ornithopter":11},{"Bronze Scales":3,"Tiny Chest":4,"Bottled Tornado":4,"Cracked Core":0,"Toy Ornithopter":5},{"Bronze Scales":8,"Tiny Chest":12,"Bottled Tornado":12,"Cracked Core":0,"Toy Ornithopter":16}],"Toy Ornithopter":0},"card_choices":[{"not_picked":["Echo Form","Seek"],"picked":"Core Surge","floor":0.0},{"not_picked":["Hologram","Hello World"],"picked":"Ball Lightning","floor":1.0},{"not_picked":["Skim","Machine Learning"],"picked":"Gash","floor":2.0},{"not_picked":["FTL","Turbo"],"picked":"Leap","floor":3.0},{"not_picked":["Skim","Reprogram"],"picked":"Rebound","floor":6.0},{"not_picked":["Loop","Rebound"],"picked":"Genetic Algorithm","floor":11},{"not_picked":["Streamline","Stack"],"picked":"Ball Lightning","floor":12}],"player_experience":5165599,"relics_obtained":[{"floor":6.0,"key":"Tiny Chest"},{"floor":9,"key":"Bottled Tornado"},{"floor":11,"key":"Toy Ornithopter"}],"event_choices":[{"damage_healed":0.0,"max_hp_gain":0.0,"max_hp_loss":0.0,"gold_gain":0.0,"event_name":"Scrap Ooze","player_choice":"Success","floor":4.0,"gold_loss":0.0,"damage_taken":35.0,"relics_obtained":["Bronze Scales"]},{"damage_healed":0.0,"max_hp_gain":0.0,"max_hp_loss":0.0,"gold_gain":0.0,"event_name":"Shining Light","player_choice":"Ignored","floor":5.0,"gold_loss":0.0,"damage_taken":0.0}],"is_beta":false,"boss_relics":[],"items_purged_floors":[7],"is_endless":false,"potions_floor_spawned":[3,6,11],"killed_by":"Lots of Slimes","ascension_level":15}