{"gold_per_floor":[117,128,3,23,41,41,71,71,71,106,119,119,129,54,54,128,128,144,163,181,37,37,71,121,121,196,215,227,253,253,272,272,346,346,360,376,387,398,154,154,182,182,182,199,227,246,265,281,281,281],"floor_reached":51,"playtime":2491,"items_purged":["Strike_B","Zap"],"score":1345,"play_id":"6646e694-68ed-4813-bacd-95a76b498819","local_time":"20220802191856","is_ascension_mode":true,"campfire_choices":[{"floor":6,"key":"REST"},{"data":"Defragment","floor":8,"key":"SMITH"},{"data":"Barrage","floor":12,"key":"SMITH"},{"data":"Sweeping Beam","floor":15,"key":"SMITH"},{"floor":25,"key":"REST"},{"data":"Biased Cognition","floor":30,"key":"SMITH"},{"data":"Loop","floor":32,"key":"SMITH"},{"data":"Heatsinks","floor":40,"key":"SMITH"},{"data":"Seek","floor":42,"key":"SMITH"},{"data":"Aggregate","floor":49,"key":"SMITH"}],"neow_cost":"NONE","seed_source_timestamp":116282299709200,"circlet_count":0,"master_deck":["AscendersBane","Defend_B","Defend_B","Defend_B","Defend_B","Dualcast","Genetic Algorithm","Rip and Tear","Defragment+1","Sweeping Beam+1","Cold Snap","Self Repair","Melter","Genetic Algorithm","Barrage+1","Chill","Biased Cognition+1","Beam Cell+1","Echo Form+1","Lockon+1","Coolheaded+1","Aggregate+1","Biased Cognition","Loop+1","Electrodynamics","Heatsinks+1","Seek+1","Darkness","Skim","Buffer","Undo+1","Glacier"],"special_seed":0,"relics":["Cracked Core","NeowsBlessing","Ice Cream","Bird Faced Urn","Gremlin Horn","Astrolabe","ClockworkSouvenir","Blue Candle","Symbiotic Virus","Ginger","Inserter","MealTicket","Unceasing Top","Darkstone Periapt"],"potions_floor_usage":[5,10,18,29,33,37,45,50,50],"damage_taken":[{"damage":0.0,"enemies":"Jaw Worm","floor":1.0,"turns":1.0},{"damage":0.0,"enemies":"2 Louse","floor":2.0,"turns":2.0},{"damage":0.0,"enemies":"Cultist","floor":4.0,"turns":1.0},{"damage":28,"enemies":"Gremlin Gang","floor":5,"turns":5},{"damage":24,"enemies":"Gremlin Nob","floor":7,"turns":4},{"damage":16,"enemies":"3 Sentries","floor":10,"turns":6},{"damage":6,"enemies":"Looter","floor":11,"turns":3},{"damage":14,"enemies":"Red Slaver","floor":13,"turns":4},{"damage":4,"enemies":"The Guardian","floor":16,"turns":12},{"damage":0,"enemies":"Chosen","floor":18,"turns":4},{"damage":25,"enemies":"2 Thieves","floor":19,"turns":5},{"damage":13,"enemies":"Shelled Parasite and Fungi","floor":20,"turns":7},{"damage":47,"enemies":"Slavers","floor":23,"turns":8},{"damage":18,"enemies":"Chosen and Byrds","floor":27,"turns":4},{"damage":12,"enemies":"Cultist and Chosen","floor":28,"turns":7},{"damage":11,"enemies":"Book of Stabbing","floor":29,"turns":6},{"damage":0,"enemies":"Shelled Parasite and Fungi","floor":31,"turns":5},{"damage":9,"enemies":"Champ","floor":33,"turns":7},{"damage":24,"enemies":"3 Shapes","floor":35,"turns":4},{"damage":11,"enemies":"3 Darklings","floor":36,"turns":5},{"damage":8,"enemies":"Sphere and 2 Shapes","floor":37,"turns":5},{"damage":0,"enemies":"Maw","floor":38,"turns":7},{"damage":8,"enemies":"Giant Head","floor":41,"turns":6},{"damage":1,"enemies":"4 Shapes","floor":44,"turns":4},{"damage":2,"enemies":"Nemesis","floor":45,"turns":7},{"damage":17,"enemies":"Jaw Worm Horde","floor":46,"turns":4},{"damage":8,"enemies":"Spire Growth","floor":47,"turns":4},{"damage":0,"enemies":"Maw","floor":48,"turns":7},{"damage":12,"enemies":"Time Eater","floor":50,"turns":9}],"seed_played":"6078482381643895831","potions_obtained":[{"floor":4.0,"key":"Swift Potion"},{"floor":5,"key":"Dexterity Potion"},{"floor":10,"key":"DistilledChaos"},{"floor":13,"key":"SpeedPotion"},{"floor":27,"key":"LiquidMemories"},{"floor":31,"key":"Swift Potion"},{"floor":33,"key":"Regen Potion"},{"floor":36,"key":"Ancient Potion"},{"floor":44,"key":"SkillPotion"},{"floor":47,"key":"EntropicBrew"}],"is_trial":false,"path_per_floor":["M","M","$","M","M","R","E","R","T","E","M","R","M","$","R","B",null,"M","M","M","$","?","E","?","R","T","M","M","E","R","M","R","B",null,"M","M","M","M","$","R","E","R","T","M","E","M","M","M","R","B",null],"character_chosen":"DEFECT","items_purchased":["Defragment","Sweeping Beam","ClockworkSouvenir","Seek","Darkness"],"campfire_rested":2,"item_purchase_floors":[3,3,21,39,39],"current_hp_per_floor":[64,64,64,64,36,57,40,40,40,35,31,31,26,26,26,33,62,70,58,58,58,58,24,24,45,45,31,34,38,38,64,64,71,71,57,71,71,71,71,71,71,71,71,71,71,64,71,71,71,71],"gold":281,"neow_bonus":"THREE_ENEMY_KILL","is_prod":false,"is_daily":false,"chose_seed":false,"campfire_upgraded":8,"win_rate":0,"timestamp":1659493136,"path_taken":["M","M","$","M","M","R","E","R","T","E","M","R","M","$","R","BOSS","M","M","M","$","?","E","?","R","T","?","?","E","R","M","R","BOSS","M","M","M","M","$","R","E","R","T","M","E","M","M","M","R","BOSS"],"build_version":"2022-03-07","purchased_purges":2,"victory":true,"max_hp_per_floor":[71,71,71,71,71,71,71,71,71,71,71,71,71,71,71,71,71,71,71,71,71,71,71,71,71,71,71,71,71,71,71,71,71,71,71,71,71,71,71,71,71,71,71,71,71,71,71,71,71,71],"relic_stats":{"Ice Cream":[96],"Darkstone Periapt":0,"Inserter":[31],"Gremlin Horn":[16,16],"counters":[29,152],"Bird Faced Urn":[148],"Astrolabe":["Beam Cell","Echo Form","Lockon"],"Blue Candle":[0],"MealTicket":0,"Ginger":[11],"obtain_stats":[{"Ice Cream":7,"Darkstone Periapt":45,"Inserter":34,"NeowsBlessing":0,"Gremlin Horn":10,"Astrolabe":17,"Blue Candle":23,"Ginger":29,"ClockworkSouvenir":21,"Bird Faced Urn":9,"MealTicket":41,"Cracked Core":0,"Symbiotic Virus":26,"Unceasing Top":43},{"Ice Cream":5,"Darkstone Periapt":25,"Inserter":18,"NeowsBlessing":0,"Gremlin Horn":6,"Astrolabe":9,"Blue Candle":13,"Ginger":16,"ClockworkSouvenir":12,"Bird Faced Urn":5,"MealTicket":23,"Cracked Core":0,"Symbiotic Virus":13,"Unceasing Top":23},{"Ice Cream":13,"Darkstone Periapt":129,"Inserter":91,"NeowsBlessing":0,"Gremlin Horn":19,"Astrolabe":38,"Blue Candle":62,"Ginger":79,"ClockworkSouvenir":54,"Bird Faced Urn":13,"MealTicket":118,"Cracked Core":0,"Symbiotic Virus":62,"Unceasing Top":118}],"Unceasing Top":[1]},"card_choices":[{"not_picked":["Barrage","Darkness"],"picked":"Genetic Algorithm","floor":1.0},{"not_picked":["Chaos","Stack"],"picked":"Rip and Tear","floor":2.0},{"not_picked":["Beam Cell","Force Field"],"picked":"Cold Snap","floor":4.0},{"not_picked":["White Noise","Gash"],"picked":"Self Repair","floor":5},{"not_picked":["Reprogram","Stack"],"picked":"Melter","floor":7},{"not_picked":["Gash","Sweeping Beam"],"picked":"Genetic Algorithm","floor":10},{"not_picked":["Leap","Lockon"],"picked":"Barrage","floor":11},{"not_picked":["Sweeping Beam","Turbo"],"picked":"Chill","floor":13},{"not_picked":["Reboot","Hyperbeam"],"picked":"Biased Cognition","floor":16},{"not_picked":["Tempest","Heatsinks"],"picked":"Coolheaded+1","floor":18},{"not_picked":["Steam","Reinforced Body","Blizzard"],"picked":"SKIP","floor":19},{"not_picked":["Rebound","Beam Cell","Skim"],"picked":"SKIP","floor":20},{"not_picked":["Skim","Multi-Cast","Stack"],"picked":"SKIP","floor":23},{"not_picked":["Tempest","Leap","Aggregate"],"picked":"SKIP","floor":27},{"not_picked":["Tempest","Leap"],"picked":"Aggregate","floor":27},{"not_picked":["Barrage","Leap"],"picked":"Biased Cognition","floor":28},{"not_picked":["Lockon","Cold Snap","Stack"],"picked":"SKIP","floor":29},{"not_picked":["Genetic Algorithm","Hologram"],"picked":"Loop","floor":31},{"not_picked":["Thunder Strike","Fission"],"picked":"Electrodynamics","floor":33},{"not_picked":["Ball Lightning+1","Beam Cell","Leap"],"picked":"SKIP","floor":35},{"not_picked":["Lockon","Redo","Streamline"],"picked":"SKIP","floor":36},{"not_picked":["Storm","Conserve Battery","Go for the Eyes"],"picked":"SKIP","floor":37},{"not_picked":["Stack","Turbo+1"],"picked":"Heatsinks","floor":38},{"not_picked":["Cold Snap+1","Hologram","Sweeping Beam"],"picked":"SKIP","floor":41},{"not_picked":["Leap","Ball Lightning"],"picked":"Skim","floor":44},{"not_picked":["Rebound+1","Chill+1"],"picked":"Buffer","floor":45},{"not_picked":["FTL+1","Stack"],"picked":"Undo+1","floor":46},{"not_picked":["Coolheaded","Redo+1"],"picked":"Glacier","floor":47},{"not_picked":["White Noise","Fusion","Melter+1"],"picked":"SKIP","floor":48}],"player_experience":5180766,"relics_obtained":[{"floor":7,"key":"Ice Cream"},{"floor":9,"key":"Bird Faced Urn"},{"floor":10,"key":"Gremlin Horn"},{"floor":23,"key":"Blue Candle"},{"floor":26,"key":"Symbiotic Virus"},{"floor":29,"key":"Ginger"},{"floor":41,"key":"MealTicket"},{"floor":43,"key":"Unceasing Top"},{"floor":45,"key":"Darkstone Periapt"}],"event_choices":[{"damage_healed":0,"gold_gain":0,"player_choice":"Ignored","damage_taken":0,"max_hp_gain":0,"max_hp_loss":0,"event_name":"Vampires","floor":22,"gold_loss":0},{"damage_healed":0,"gold_gain":100,"player_choice":"Bet on Murderer","damage_taken":0,"max_hp_gain":0,"max_hp_loss":0,"event_name":"The Joust","floor":24,"gold_loss":50}],"is_beta":false,"boss_relics":[{"not_picked":["Black Star","Fusion Hammer"],"picked":"Astrolabe"},{"not_picked":["Philosopher\u0027s Stone","Busted Crown"],"picked":"Inserter"}],"items_purged_floors":[14,39],"is_endless":false,"potions_floor_spawned":[4,5,10,13,27,28,31,33,36,44,47],"ascension_level":15}