{"gold_per_floor":[113,32,44,44,70,70,86,114,114,114,140,140,174,189,189,189],"floor_reached":16,"playtime":394,"items_purged":[],"score":207,"play_id":"b0b9dc5f-6cc9-4d3a-8478-aa0f47bc90bd","local_time":"20220801165954","is_ascension_mode":true,"campfire_choices":[{"data":"Rip and Tear","floor":6,"key":"SMITH"},{"data":"Aggregate","floor":10,"key":"SMITH"},{"floor":12,"key":"REST"},{"data":"Go for the Eyes","floor":15,"key":"SMITH"}],"neow_cost":"PERCENT_DAMAGE","seed_source_timestamp":23696192643400,"circlet_count":0,"master_deck":["AscendersBane","Strike_B","Strike_B","Strike_B","Strike_B","Defend_B","Defend_B","Defend_B","Defend_B","Zap","Dualcast","Meteor Strike","Ball Lightning","Rip and Tear+1","Undo","Cold Snap","Aggregate+1","Turbo","Go for the Eyes+1","Auto Shields"],"relics":["Cracked Core","Art of War","Letter Opener","Calipers","Boot","Pear"],"potions_floor_usage":[16],"damage_taken":[{"damage":0,"enemies":"Cultist","floor":1,"turns":4},{"damage":7,"enemies":"Small Slimes","floor":3,"turns":3},{"damage":2,"enemies":"Jaw Worm","floor":7,"turns":3},{"damage":17,"enemies":"Gremlin Nob","floor":8,"turns":5},{"damage":3,"enemies":"Lagavulin","floor":11,"turns":7},{"damage":26,"enemies":"Gremlin Nob","floor":13,"turns":4},{"damage":6,"enemies":"Looter","floor":14,"turns":2},{"damage":23,"enemies":"Hexaghost","floor":16,"turns":9}],"seed_played":"-3847008617907030301","potions_obtained":[{"floor":7,"key":"FocusPotion"},{"floor":11,"key":"Ancient Potion"}],"is_trial":false,"path_per_floor":["M","$","M","?","T","R","M","E","T","R","E","R","E","M","R","B"],"character_chosen":"DEFECT","items_purchased":["Rip and Tear"],"campfire_rested":1,"item_purchase_floors":[2],"current_hp_per_floor":[46,46,39,44,44,44,42,25,25,25,22,44,28,22,22,0],"gold":189,"neow_bonus":"THREE_RARE_CARDS","is_prod":false,"is_daily":false,"chose_seed":false,"campfire_upgraded":3,"win_rate":0,"timestamp":1659398394,"path_taken":["M","$","?","?","?","R","M","E","T","R","E","R","E","M","R","BOSS"],"build_version":"2022-03-07","purchased_purges":0,"victory":false,"max_hp_per_floor":[71,71,71,76,76,76,76,76,76,76,76,76,86,86,86,86],"relic_stats":{"Calipers":[2],"counters":[8,37],"Art of War":[3],"Letter Opener":[15],"Boot":[4],"obtain_stats":[{"Calipers":9,"Pear":13,"Art of War":5,"Letter Opener":8,"Cracked Core":0,"Boot":11},{"Calipers":4,"Pear":6,"Art of War":2,"Letter Opener":4,"Cracked Core":0,"Boot":5},{"Calipers":15,"Pear":26,"Art of War":7,"Letter Opener":15,"Cracked Core":0,"Boot":22}]},"card_choices":[{"not_picked":["Amplify","Echo Form"],"picked":"Meteor Strike","floor":0},{"not_picked":["Go for the Eyes","Coolheaded"],"picked":"Ball Lightning","floor":1},{"not_picked":["Coolheaded","Consume"],"picked":"Undo","floor":3},{"not_picked":["Gash","Conserve Battery"],"picked":"Cold Snap","floor":7},{"not_picked":["Reinforced Body","Redo"],"picked":"Aggregate","floor":8},{"not_picked":["Sweeping Beam","Auto Shields"],"picked":"Turbo","floor":11},{"not_picked":["Redo","Beam Cell"],"picked":"Go for the Eyes","floor":13},{"not_picked":["Streamline","FTL"],"picked":"Auto Shields","floor":14}],"player_experience":5174887,"relics_obtained":[{"floor":5,"key":"Art of War"},{"floor":8,"key":"Letter Opener"},{"floor":9,"key":"Calipers"},{"floor":11,"key":"Boot"},{"floor":13,"key":"Pear"}],"event_choices":[{"damage_healed":0,"gold_gain":0,"player_choice":"Donut","damage_taken":0,"max_hp_gain":5,"max_hp_loss":0,"event_name":"Big Fish","floor":4,"gold_loss":0}],"is_beta":false,"boss_relics":[],"items_purged_floors":[],"is_endless":false,"potions_floor_spawned":[7,11],"killed_by":"Hexaghost","ascension_level":15}