{"gold_per_floor":[118,134,134,147,174,174,191,226,226,253,253,253,50,61,61,139,139,149,164,164,182,72,104,104,137,160,188,18,36,55,73,73,150,150,166,41,96,115,115,142,142,177,177,223,249,290,327,354,366,378],"floor_reached":51,"playtime":3335,"items_purged":["Strike_B","Dualcast","Strike_B+1"],"score":1843,"play_id":"344fc53b-f83c-4cba-8f60-73d7a74e36c6","local_time":"20220731215501","is_ascension_mode":true,"campfire_choices":[{"data":"Zap","floor":6.0,"key":"SMITH"},{"floor":12.0,"key":"REST"},{"data":"Sweeping Beam","floor":15.0,"key":"SMITH"},{"floor":24.0,"key":"REST"},{"data":"Genetic Algorithm","floor":32,"key":"SMITH"},{"floor":41,"key":"RECALL"},{"data":"Coolheaded","floor":49,"key":"SMITH"}],"neow_cost":"NONE","seed_source_timestamp":47838798490900,"circlet_count":0,"master_deck":["AscendersBane","Strike_B+1","Strike_B+1","Defend_B+1","Defend_B+1","Defend_B+1","Defend_B+1","Cold Snap","Glacier","Sweeping Beam+1","Compile Driver+1","Echo Form+1","Defragment+1","Leap","Static Discharge+1","Amplify","Recycle+1","Ball Lightning","Blizzard+1","Echo Form+1","Self Repair+1","Coolheaded+1","Self Repair+1","Loop+1","Genetic Algorithm+1","Echo Form+1","Glacier","Defragment+1","Echo Form+1","Stack+1","Reinforced Body","Doom and Gloom+1","Electrodynamics+1","Loop+1"],"special_seed":0,"relics":["Cracked Core","Omamori","Gremlin Horn","Regal Pillow","Frozen Egg 2","Nunchaku","Snecko Eye","MealTicket","InkBottle","Dream Catcher","DataDisk","Calling Bell","Happy Flower","Symbiotic Virus","WingedGreaves","FossilizedHelix","Anchor","Vajra","MawBank","Torii","Ancient Tea Set"],"potions_floor_usage":[27,33,37,40,50,50],"damage_taken":[{"damage":1.0,"enemies":"2 Louse","floor":1.0,"turns":2.0},{"damage":0.0,"enemies":"Jaw Worm","floor":2.0,"turns":3.0},{"damage":0.0,"enemies":"Small Slimes","floor":4.0,"turns":2.0},{"damage":7.0,"enemies":"2 Fungi Beasts","floor":7.0,"turns":4.0},{"damage":9.0,"enemies":"Gremlin Nob","floor":8.0,"turns":5.0},{"damage":15.0,"enemies":"Lagavulin","floor":10.0,"turns":6.0},{"damage":9.0,"enemies":"Exordium Thugs","floor":14.0,"turns":6.0},{"damage":17.0,"enemies":"The Guardian","floor":16.0,"turns":13.0},{"damage":3.0,"enemies":"Spheric Guardian","floor":18.0,"turns":4.0},{"damage":33.0,"enemies":"2 Thieves","floor":19.0,"turns":5.0},{"damage":0.0,"enemies":"3 Cultists","floor":21.0,"turns":4.0},{"damage":9.0,"enemies":"Slavers","floor":23.0,"turns":5.0},{"damage":28.0,"enemies":"Gremlin Leader","floor":25.0,"turns":5.0},{"damage":22,"enemies":"Slavers","floor":27,"turns":7},{"damage":7,"enemies":"Cultist and Chosen","floor":29,"turns":10},{"damage":12,"enemies":"Centurion and Healer","floor":30,"turns":5},{"damage":0,"enemies":"Shelled Parasite and Fungi","floor":31,"turns":5},{"damage":0,"enemies":"Automaton","floor":33,"turns":11},{"damage":7,"enemies":"Orb Walker","floor":35,"turns":4},{"damage":44,"enemies":"2 Orb Walkers","floor":37,"turns":4},{"damage":0,"enemies":"3 Darklings","floor":38,"turns":5},{"damage":0,"enemies":"Reptomancer","floor":40,"turns":6},{"damage":0,"enemies":"Giant Head","floor":42,"turns":14},{"damage":0,"enemies":"Nemesis","floor":44,"turns":11},{"damage":43,"enemies":"Jaw Worm Horde","floor":45,"turns":7},{"damage":0,"enemies":"Giant Head","floor":46,"turns":10},{"damage":0,"enemies":"Mind Bloom Boss Battle","floor":47,"turns":7},{"damage":0,"enemies":"Maw","floor":48,"turns":9},{"damage":0,"enemies":"Donu and Deca","floor":50,"turns":24}],"seed_played":"-7157933237770002691","potions_obtained":[{"floor":2.0,"key":"PowerPotion"},{"floor":7.0,"key":"FearPotion"},{"floor":8.0,"key":"FearPotion"},{"floor":16.0,"key":"DuplicationPotion"},{"floor":23.0,"key":"Dexterity Potion"},{"floor":29,"key":"LiquidBronze"},{"floor":31,"key":"Swift Potion"},{"floor":33,"key":"EssenceOfSteel"},{"floor":38,"key":"Fire Potion"},{"floor":44,"key":"BlessingOfTheForge"},{"floor":45,"key":"DuplicationPotion"}],"is_trial":false,"path_per_floor":["M","M","?","M","T","R","M","E","T","E","?","R","$","M","R","B",null,"M","M","?","M","?","E","R","E","T","E","$","M","M","M","R","B",null,"M","$","?","M","?","E","R","E","T","E","M","E","?","M","R","B",null],"character_chosen":"DEFECT","items_purchased":["Defragment+1","Leap","Self Repair+1"],"campfire_rested":2,"item_purchase_floors":[13,13,28],"current_hp_per_floor":[70,70,70,70,70,70,63,54,54,39,21,59,59,50,50,33,67,64,31,31,31,31,22,60,32,32,30,45,78,78,78,78,78,78,78,78,44,78,78,78,78,78,78,78,75,78,78,78,78,78],"gold":390,"neow_bonus":"TEN_PERCENT_HP_BONUS","is_prod":false,"is_daily":false,"chose_seed":false,"campfire_upgraded":4,"win_rate":0,"timestamp":1659329701,"path_taken":["M","M","?","M","?","R","?","E","T","E","?","R","$","M","R","BOSS","M","M","?","M","?","E","R","E","T","E","$","M","?","M","R","BOSS","M","$","?","M","?","E","R","E","T","E","?","E","?","M","R","BOSS"],"build_version":"2022-03-07","purchased_purges":3,"victory":true,"max_hp_per_floor":[78,78,78,78,78,78,78,78,78,78,78,78,78,78,78,78,78,78,78,78,78,78,78,78,78,78,78,78,78,78,78,78,78,78,78,78,78,78,78,78,78,78,78,78,78,78,78,78,78,78],"relic_stats":{"Regal Pillow":30,"Gremlin Horn":[27,28],"Happy Flower":[33],"Torii":0,"counters":[29,202],"Omamori":1,"MawBank":96,"Ancient Tea Set":[2],"Nunchaku":[28],"Dream Catcher":0,"Snecko Eye":[294,325,334,326,-515],"MealTicket":15,"WingedGreaves":0,"obtain_stats":[{"Regal Pillow":9,"Gremlin Horn":8,"Happy Flower":34,"Torii":44,"Vajra":42,"Omamori":5,"Frozen Egg 2":10,"MawBank":43,"Ancient Tea Set":46,"Calling Bell":34,"Nunchaku":11,"Dream Catcher":26,"DataDisk":27,"Anchor":40,"Snecko Eye":17,"MealTicket":23,"WingedGreaves":34,"Cracked Core":0,"Symbiotic Virus":34,"InkBottle":25,"FossilizedHelix":37},{"Regal Pillow":5,"Gremlin Horn":5,"Happy Flower":18,"Torii":24,"Vajra":23,"Omamori":3,"Frozen Egg 2":6,"MawBank":23,"Ancient Tea Set":26,"Calling Bell":18,"Nunchaku":6,"Dream Catcher":13,"DataDisk":14,"Anchor":22,"Snecko Eye":8,"MealTicket":12,"WingedGreaves":18,"Cracked Core":0,"Symbiotic Virus":18,"InkBottle":13,"FossilizedHelix":20},{"Regal Pillow":16,"Gremlin Horn":16,"Happy Flower":102,"Torii":145,"Vajra":134,"Omamori":7,"Frozen Egg 2":22,"MawBank":134,"Ancient Tea Set":162,"Calling Bell":102,"Nunchaku":22,"Dream Catcher":64,"DataDisk":71,"Anchor":120,"Snecko Eye":41,"MealTicket":59,"WingedGreaves":102,"Cracked Core":0,"Symbiotic Virus":102,"InkBottle":64,"FossilizedHelix":109}],"InkBottle":[73],"FossilizedHelix":[31]},"card_choices":[{"not_picked":["Coolheaded","Auto Shields"],"picked":"Cold Snap","floor":1.0},{"not_picked":["Cold Snap","Conserve Battery"],"picked":"Glacier","floor":2.0},{"not_picked":["Gash","Stack","Auto Shields"],"picked":"SKIP","floor":4.0},{"not_picked":["Melter","Reprogram"],"picked":"Sweeping Beam","floor":7.0},{"not_picked":["Storm","Reinforced Body"],"picked":"Compile Driver","floor":8.0},{"not_picked":["Sweeping Beam","Chill"],"picked":"Echo Form+1","floor":10.0},{"not_picked":["Double Energy","Barrage"],"picked":"Static Discharge+1","floor":14.0},{"not_picked":["Thunder Strike","Fission"],"picked":"Amplify","floor":16.0},{"not_picked":["Static Discharge+1","Hologram"],"picked":"Recycle+1","floor":18.0},{"not_picked":["Cold Snap","White Noise"],"picked":"Ball Lightning","floor":19.0},{"not_picked":["Compile Driver","BootSequence"],"picked":"Blizzard+1","floor":21.0},{"not_picked":["Steam+1","Echo Form+1","Hyperbeam"],"picked":"SKIP","floor":23.0},{"not_picked":["Steam+1","Hyperbeam"],"picked":"Echo Form+1","floor":23.0},{"not_picked":["Reinforced Body","Turbo"],"picked":"Self Repair+1","floor":25.0},{"not_picked":["Redo","Hyperbeam"],"picked":"Coolheaded","floor":27},{"not_picked":["Rebound","Sweeping Beam"],"picked":"Loop+1","floor":29},{"not_picked":["Steam","Compile Driver"],"picked":"Genetic Algorithm","floor":30},{"not_picked":["Ball Lightning","Storm+1","Reprogram"],"picked":"SKIP","floor":31},{"not_picked":["Reboot","Meteor Strike"],"picked":"Echo Form+1","floor":33},{"not_picked":["Loop+1","Cold Snap"],"picked":"Glacier","floor":35},{"not_picked":["Sweeping Beam","Genetic Algorithm"],"picked":"Defragment+1","floor":38},{"not_picked":["Genetic Algorithm","Barrage"],"picked":"Stack+1","floor":40},{"not_picked":["Cold Snap","Stack+1"],"picked":"Reinforced Body","floor":42},{"not_picked":["All For One","Multi-Cast","Turbo+1"],"picked":"SKIP","floor":44},{"not_picked":["Sweeping Beam+1","Stack+1"],"picked":"Doom and Gloom+1","floor":45},{"not_picked":["Sweeping Beam","Hello World+1"],"picked":"Electrodynamics+1","floor":46},{"not_picked":["Consume+1","Reinforced Body"],"picked":"Loop+1","floor":48}],"player_experience":5166255,"relics_obtained":[{"floor":5.0,"key":"Omamori"},{"floor":8.0,"key":"Gremlin Horn"},{"floor":9.0,"key":"Regal Pillow"},{"floor":10.0,"key":"Frozen Egg 2"},{"floor":23.0,"key":"MealTicket"},{"floor":25.0,"key":"InkBottle"},{"floor":26.0,"key":"Dream Catcher"},{"floor":27,"key":"DataDisk"},{"floor":34,"key":"Happy Flower"},{"floor":34,"key":"Symbiotic Virus"},{"floor":34,"key":"WingedGreaves"},{"floor":37,"key":"FossilizedHelix"},{"floor":40,"key":"Anchor"},{"floor":42,"key":"Vajra"},{"floor":43,"key":"MawBank"},{"floor":44,"key":"Torii"},{"floor":46,"key":"Ancient Tea Set"}],"event_choices":[{"damage_healed":0.0,"max_hp_gain":0.0,"max_hp_loss":0.0,"gold_gain":0.0,"event_name":"Liars Game","player_choice":"Ignored","floor":3.0,"gold_loss":0.0,"damage_taken":0.0},{"damage_healed":0.0,"max_hp_gain":0.0,"max_hp_loss":0.0,"gold_gain":0.0,"event_name":"Scrap Ooze","player_choice":"Success","floor":11.0,"gold_loss":0.0,"damage_taken":18.0,"relics_obtained":["Nunchaku"]},{"damage_healed":0.0,"max_hp_gain":0.0,"max_hp_loss":0.0,"gold_gain":0.0,"event_name":"Back to Basics","player_choice":"Simplicity","floor":20.0,"gold_loss":0.0,"damage_taken":0.0,"cards_upgraded":["Strike_B","Strike_B","Strike_B","Defend_B","Defend_B","Defend_B","Defend_B"]},{"cards_removed":["Zap"],"damage_healed":0.0,"max_hp_gain":0.0,"max_hp_loss":0.0,"gold_gain":0.0,"event_name":"Designer","player_choice":"Upgrade and Remove","floor":22.0,"gold_loss":110.0,"damage_taken":0.0,"cards_upgraded":["Compile Driver"]},{"damage_healed":0,"gold_gain":0,"player_choice":"Fight","damage_taken":0,"max_hp_gain":0,"max_hp_loss":0,"event_name":"Mysterious Sphere","floor":37,"gold_loss":0},{"damage_healed":0,"gold_gain":0,"player_choice":"Copied","damage_taken":0,"max_hp_gain":0,"max_hp_loss":0,"event_name":"Duplicator","floor":39,"gold_loss":0,"cards_obtained":["Echo Form"]},{"damage_healed":0,"gold_gain":0,"player_choice":"Fight","damage_taken":0,"max_hp_gain":0,"max_hp_loss":0,"event_name":"MindBloom","floor":47,"gold_loss":0}],"is_beta":false,"boss_relics":[{"not_picked":["Runic Pyramid","SacredBark"],"picked":"Snecko Eye"},{"not_picked":["Pandora\u0027s Box","Philosopher\u0027s Stone"],"picked":"Calling Bell"}],"items_purged_floors":[13,28,36],"is_endless":false,"potions_floor_spawned":[2,7,8,16,18,21,23,29,31,33,38,44,45,47],"ascension_level":15}