{"gold_per_floor":[13,26,37,112,77,109,124,124,172,200,200,217,230,263,263,341,341,361,276,291,318,331,331,356,368,380,247,272,286,316,316,316,395,395,413,424,424,473,486,486,511,527,527,527,543,543,543,543,543,543],"floor_reached":50,"playtime":1852,"items_purged":["Strike_B"],"score":1006,"play_id":"378111a4-f8f4-4a87-a8c7-c33d0344c4c2","local_time":"20220817191116","is_ascension_mode":true,"campfire_choices":[{"data":"Dualcast","floor":11.0,"key":"SMITH"},{"data":"Genetic Algorithm","floor":15.0,"key":"SMITH"},{"data":"Doom and Gloom","floor":23.0,"key":"SMITH"},{"floor":25.0,"key":"REST"},{"data":"Fission","floor":32.0,"key":"SMITH"},{"data":"Buffer","floor":40.0,"key":"SMITH"},{"floor":44.0,"key":"REST"},{"floor":46.0,"key":"REST"},{"floor":49.0,"key":"DIG"}],"neow_cost":"NO_GOLD","seed_source_timestamp":35714908184900,"circlet_count":0,"master_deck":["AscendersBane","Strike_B+1","Strike_B+1","Strike_B+1","Defend_B+1","Defend_B+1","Defend_B+1","Zap+1","Dualcast+1","Core Surge+1","Ball Lightning+1","Streamline+1","Self Repair+1","Ball Lightning+1","Buffer+1","Genetic Algorithm+1","Cold Snap+1","Conserve Battery+1","Fission+1","Doom and Gloom+1","Tempest+1","Capacitor+1","Glacier+1","Glacier+1","Thunder Strike+1","CurseOfTheBell","Barrage+1","Skim+1","Creative AI+1","FTL+1","Coolheaded+1"],"special_seed":0,"relics":["Cracked Core","Sundial","Whetstone","Orichalcum","HornCleat","Sozu","Shovel","Red Mask","MawBank","Bottled Lightning","Thread and Needle","Molten Egg 2","Calling Bell","Omamori","Gremlin Horn","TungstenRod","Boot","White Beast Statue","Cables","Mark of the Bloom","Bag of Marbles"],"potions_floor_usage":[],"damage_taken":[{"damage":6.0,"enemies":"Jaw Worm","floor":1.0,"turns":4.0},{"damage":0.0,"enemies":"2 Louse","floor":2.0,"turns":2.0},{"damage":1.0,"enemies":"Cultist","floor":3.0,"turns":3.0},{"damage":17.0,"enemies":"Lagavulin","floor":6.0,"turns":6.0},{"damage":8.0,"enemies":"Red Slaver","floor":7.0,"turns":3.0},{"damage":4.0,"enemies":"Gremlin Nob","floor":10.0,"turns":3.0},{"damage":1.0,"enemies":"2 Fungi Beasts","floor":12.0,"turns":4.0},{"damage":2.0,"enemies":"Exordium Wildlife","floor":13.0,"turns":3.0},{"damage":0.0,"enemies":"Lagavulin","floor":14.0,"turns":5.0},{"damage":54.0,"enemies":"Hexaghost","floor":16.0,"turns":10.0},{"damage":13.0,"enemies":"3 Byrds","floor":18.0,"turns":5.0},{"damage":6.0,"enemies":"Shell Parasite","floor":20.0,"turns":5.0},{"damage":6.0,"enemies":"Masked Bandits","floor":21.0,"turns":4.0},{"damage":5.0,"enemies":"Sentry and Sphere","floor":22.0,"turns":5.0},{"damage":36.0,"enemies":"Book of Stabbing","floor":24.0,"turns":5.0},{"damage":1.0,"enemies":"Slavers","floor":28.0,"turns":5.0},{"damage":15.0,"enemies":"Shelled Parasite and Fungi","floor":29.0,"turns":4.0},{"damage":2.0,"enemies":"Book of Stabbing","floor":30.0,"turns":7.0},{"damage":35.0,"enemies":"Collector","floor":33.0,"turns":13.0},{"damage":3.0,"enemies":"3 Shapes","floor":35.0,"turns":3.0},{"damage":0.0,"enemies":"Orb Walker","floor":36.0,"turns":4.0},{"damage":0.0,"enemies":"4 Shapes","floor":39.0,"turns":8.0},{"damage":50.0,"enemies":"Giant Head","floor":41.0,"turns":10.0},{"damage":25.0,"enemies":"Jaw Worm Horde","floor":42.0,"turns":4.0},{"damage":10.0,"enemies":"Sphere and 2 Shapes","floor":45.0,"turns":5.0},{"damage":51,"enemies":"Donu and Deca","floor":50,"turns":8}],"seed_played":"1997479854582233478","potions_obtained":[{"floor":1.0,"key":"BlessingOfTheForge"},{"floor":6.0,"key":"DistilledChaos"},{"floor":7.0,"key":"EntropicBrew"},{"floor":12.0,"key":"LiquidMemories"}],"is_trial":false,"path_per_floor":["M","M","M","?","?","E","M","?","T","E","R","M","M","E","R","B",null,"M","?","M","?","M","R","E","R","T","$","E","M","E","?","R","B",null,"M","M","?","T","M","R","E","M","T","R","M","R","?","?","R","B"],"character_chosen":"DEFECT","items_purchased":["Glacier"],"campfire_rested":3,"item_purchase_floors":[27],"current_hp_per_floor":[58,58,57,46,63,56,55,55,55,58,58,64,69,71,71,24,59,53,53,54,55,57,57,28,49,49,49,55,47,52,52,52,24,59,56,63,63,63,70,70,27,9,9,30,27,48,48,48,48,0],"gold":543,"neow_bonus":"THREE_RARE_CARDS","is_prod":false,"is_daily":false,"chose_seed":false,"campfire_upgraded":5,"win_rate":0,"timestamp":1660788676,"path_taken":["M","M","M","?","?","E","M","?","T","E","R","?","M","E","R","BOSS","M","?","M","?","M","R","E","R","T","$","E","M","E","?","R","BOSS","M","M","?","?","M","R","E","M","T","R","M","R","?","?","R","BOSS"],"build_version":"2022-03-07","purchased_purges":1,"victory":false,"max_hp_per_floor":[71,71,71,71,71,71,71,71,71,71,71,71,71,71,71,71,71,71,71,71,71,71,71,71,71,71,71,71,71,71,71,71,71,71,71,71,71,71,71,71,71,71,71,71,71,71,71,71,71,71],"relic_stats":{"Mark of the Bloom":0,"Gremlin Horn":[9,9],"counters":[26,138],"Omamori":0,"Whetstone":["Strike_B","Core Surge"],"Orichalcum":[216],"MawBank":36,"Boot":[3],"White Beast Statue":[0.0,0.0,0.12000000000000002,0.0,0.5800000000000001,0.0,0.30000000000000004,0.0,0.0,0.0,0.0,0.8200000000000001],"Cables":[12,4,7,1,0],"Sozu":8,"Shovel":1,"Sundial":[12],"Bottled Lightning":"Genetic Algorithm","obtain_stats":[{"Mark of the Bloom":47,"Gremlin Horn":34,"Thread and Needle":28,"Omamori":34,"Whetstone":9,"Orichalcum":10,"MawBank":24,"Boot":38,"White Beast Statue":41,"Cables":43,"Sozu":17,"Calling Bell":34,"HornCleat":14,"Shovel":19,"Sundial":6,"Molten Egg 2":30,"Red Mask":21,"Bag of Marbles":49,"Bottled Lightning":26,"Cracked Core":0,"TungstenRod":34},{"Mark of the Bloom":25,"Gremlin Horn":19,"Thread and Needle":16,"Omamori":19,"Whetstone":5,"Orichalcum":6,"MawBank":15,"Boot":21,"White Beast Statue":23,"Cables":24,"Sozu":10,"Calling Bell":19,"HornCleat":9,"Shovel":11,"Sundial":4,"Molten Egg 2":18,"Red Mask":13,"Bag of Marbles":25,"Bottled Lightning":15,"Cracked Core":0,"TungstenRod":19},{"Mark of the Bloom":130,"Gremlin Horn":96,"Thread and Needle":72,"Omamori":96,"Whetstone":18,"Orichalcum":21,"MawBank":67,"Boot":103,"White Beast Statue":121,"Cables":125,"Sozu":43,"Calling Bell":96,"HornCleat":33,"Shovel":48,"Sundial":15,"Molten Egg 2":83,"Red Mask":57,"Bag of Marbles":130,"Bottled Lightning":67,"Cracked Core":0,"TungstenRod":96}],"TungstenRod":11},"card_choices":[{"not_picked":["Buffer","Seek"],"picked":"Core Surge","floor":0.0},{"not_picked":["FTL","Capacitor"],"picked":"Ball Lightning","floor":1.0},{"not_picked":["Self Repair","Darkness"],"picked":"Streamline","floor":2.0},{"not_picked":["Gash","White Noise"],"picked":"Self Repair","floor":3.0},{"not_picked":["Turbo","Hologram"],"picked":"Ball Lightning","floor":6.0},{"not_picked":["Chaos","Static Discharge"],"picked":"Buffer","floor":7.0},{"not_picked":["Melter","Auto Shields"],"picked":"Genetic Algorithm","floor":10.0},{"not_picked":["Leap","Streamline"],"picked":"Cold Snap","floor":12.0},{"not_picked":["Streamline","Blizzard"],"picked":"Conserve Battery","floor":13.0},{"not_picked":["Blizzard","Skim","Streamline"],"picked":"SKIP","floor":14.0},{"not_picked":["Hyperbeam","All For One"],"picked":"Fission","floor":16.0},{"not_picked":["Tempest","Rebound+1"],"picked":"Doom and Gloom","floor":18.0},{"not_picked":["Cold Snap","Gash+1"],"picked":"Tempest","floor":20.0},{"not_picked":["Go for the Eyes+1","Doom and Gloom"],"picked":"Capacitor+1","floor":21.0},{"not_picked":["Go for the Eyes","Skim","Coolheaded"],"picked":"SKIP","floor":22.0},{"not_picked":["Rebound","Turbo","Ball Lightning"],"picked":"SKIP","floor":24.0},{"not_picked":["Steam","Conserve Battery","Fission"],"picked":"SKIP","floor":28.0},{"not_picked":["Cold Snap","Recycle+1"],"picked":"Glacier","floor":29.0},{"not_picked":["Conserve Battery","Coolheaded","Reboot"],"picked":"SKIP","floor":30.0},{"not_picked":["Reboot","Meteor Strike+1"],"picked":"Thunder Strike+1","floor":33.0},{"not_picked":["Streamline+1","Beam Cell+1"],"picked":"Barrage+1","floor":35.0},{"not_picked":["Darkness","Redo","White Noise"],"picked":"SKIP","floor":36.0},{"not_picked":["Cold Snap+1","Force Field"],"picked":"Skim+1","floor":39.0},{"not_picked":["Coolheaded","Reinforced Body"],"picked":"Creative AI","floor":41.0},{"not_picked":["Ball Lightning+1","Auto Shields"],"picked":"FTL+1","floor":42.0},{"not_picked":["Streamline+1","Sweeping Beam+1"],"picked":"Coolheaded","floor":45.0}],"player_experience":5212200,"relics_obtained":[{"floor":6.0,"key":"Sundial"},{"floor":9.0,"key":"Whetstone"},{"floor":10.0,"key":"Orichalcum"},{"floor":14.0,"key":"HornCleat"},{"floor":21.0,"key":"Red Mask"},{"floor":24.0,"key":"MawBank"},{"floor":26.0,"key":"Bottled Lightning"},{"floor":28.0,"key":"Thread and Needle"},{"floor":30.0,"key":"Molten Egg 2"},{"floor":34.0,"key":"Omamori"},{"floor":34.0,"key":"Gremlin Horn"},{"floor":34.0,"key":"TungstenRod"},{"floor":38.0,"key":"Boot"},{"floor":41.0,"key":"White Beast Statue"},{"floor":43.0,"key":"Cables"},{"floor":49.0,"key":"Bag of Marbles"}],"event_choices":[{"damage_healed":0.0,"max_hp_gain":0.0,"max_hp_loss":0.0,"gold_gain":75.0,"event_name":"World of Goop","player_choice":"Gather Gold","floor":4.0,"gold_loss":0.0,"damage_taken":11.0},{"damage_healed":17.0,"max_hp_gain":0.0,"max_hp_loss":0.0,"gold_gain":0.0,"event_name":"The Cleric","player_choice":"Healed","floor":5.0,"gold_loss":35.0,"damage_taken":0.0},{"damage_healed":0.0,"max_hp_gain":0.0,"max_hp_loss":0.0,"gold_gain":0.0,"event_name":"Lab","player_choice":"Got Potions","floor":8.0,"gold_loss":0.0,"damage_taken":0.0},{"damage_healed":0.0,"max_hp_gain":0.0,"max_hp_loss":0.0,"gold_gain":0.0,"event_name":"Addict","player_choice":"Obtained Relic","floor":19.0,"gold_loss":85.0,"damage_taken":0.0,"relics_obtained":["Shovel"]},{"damage_healed":0.0,"max_hp_gain":0.0,"max_hp_loss":0.0,"gold_gain":0.0,"event_name":"Masked Bandits","player_choice":"Fought Bandits","floor":21.0,"gold_loss":0.0,"damage_taken":0.0},{"damage_healed":0.0,"max_hp_gain":0.0,"max_hp_loss":0.0,"gold_gain":0.0,"event_name":"Cursed Tome","player_choice":"Ignored","floor":31.0,"gold_loss":0.0,"damage_taken":0.0},{"cards_removed":["Defend_B"],"damage_healed":0.0,"max_hp_gain":0.0,"max_hp_loss":0.0,"gold_gain":0.0,"event_name":"Falling","player_choice":"Removed Skill","floor":37.0,"gold_loss":0.0,"damage_taken":0.0},{"damage_healed":0.0,"max_hp_gain":0.0,"max_hp_loss":0.0,"gold_gain":0.0,"event_name":"MindBloom","player_choice":"Upgrade","floor":47.0,"gold_loss":0.0,"damage_taken":0.0,"cards_upgraded":["Strike_B","Strike_B","Defend_B","Defend_B","Defend_B","Zap","Ball Lightning","Streamline","Self Repair","Ball Lightning","Cold Snap","Conserve Battery","Tempest","Glacier","Glacier","Creative AI","Coolheaded"],"relics_obtained":["Mark of the Bloom"]},{"damage_healed":0.0,"max_hp_gain":0.0,"max_hp_loss":0.0,"gold_gain":0.0,"event_name":"Mysterious Sphere","player_choice":"Ignored","floor":48.0,"gold_loss":0.0,"damage_taken":0.0}],"is_beta":false,"boss_relics":[{"not_picked":["Empty Cage","SacredBark"],"picked":"Sozu"},{"not_picked":["Velvet Choker","Tiny House"],"picked":"Calling Bell"}],"items_purged_floors":[27],"is_endless":false,"potions_floor_spawned":[1,6,7,12,13,18,21,24,30,36,39,42,45],"killed_by":"Donu and Deca","ascension_level":15}