{"gold_per_floor":[114,26,26,26,26,61,61,93,93,107,132,147,158,174,174,252,252,268,268,283,283,301,301,19,19,43,58,86,86,113,133,133,211,211,226,226,242,45,59,90,39,73,73,83,94,52,79,79,79,79],"floor_reached":51,"playtime":1706,"items_purged":["Strike_B"],"score":1660,"play_id":"356b1f50-bab4-49c7-a8bc-9b0fc4bdb374","local_time":"20220819101128","is_ascension_mode":true,"campfire_choices":[{"data":"Beam Cell","floor":7.0,"key":"SMITH"},{"data":"Electrodynamics","floor":15.0,"key":"SMITH"},{"data":"Defragment","floor":23.0,"key":"SMITH"},{"data":"Apotheosis","floor":25.0,"key":"SMITH"},{"data":"Echo Form","floor":32,"key":"SMITH"},{"data":"Buffer","floor":49,"key":"SMITH"}],"neow_cost":"NONE","seed_source_timestamp":176649563550400,"circlet_count":0,"master_deck":["AscendersBane","Defend_B","Defend_B","Defend_B","Defend_B","Dualcast","Undo","Defragment+1","Beam Cell+1","Conserve Battery","Go for the Eyes","Electrodynamics+1","Doom and Gloom","Ball Lightning","Echo Form+1","Glacier","Multi-Cast","Buffer+1","Rip and Tear","Storm+1","Apotheosis+1","Compile Driver","Barrage","Self Repair","Core Surge","Rainbow","Loop+1","Defragment","Seek","Skim","Amplify","Coolheaded","Hologram+1"],"special_seed":0,"relics":["Cracked Core","NeowsBlessing","Centennial Puzzle","MealTicket","Bird Faced Urn","Coffee Dripper","Potion Belt","StrikeDummy","Nloth\u0027s Gift","Strawberry","SacredBark","Bottled Flame","Vajra","The Courier","Symbiotic Virus","Meat on the Bone"],"potions_floor_usage":[28,33,39,40,40,42,50,50,50,50],"damage_taken":[{"damage":0.0,"enemies":"2 Louse","floor":1.0,"turns":1.0},{"damage":0.0,"enemies":"Lagavulin","floor":6.0,"turns":1.0},{"damage":0.0,"enemies":"3 Sentries","floor":8.0,"turns":2.0},{"damage":0.0,"enemies":"Cultist","floor":10.0,"turns":3.0},{"damage":9.0,"enemies":"Lagavulin","floor":11.0,"turns":6.0},{"damage":0.0,"enemies":"Small Slimes","floor":12.0,"turns":3.0},{"damage":9.0,"enemies":"2 Fungi Beasts","floor":13.0,"turns":3.0},{"damage":1.0,"enemies":"3 Louse","floor":14.0,"turns":3.0},{"damage":0.0,"enemies":"Slime Boss","floor":16.0,"turns":5.0},{"damage":0.0,"enemies":"Spheric Guardian","floor":18.0,"turns":3.0},{"damage":0.0,"enemies":"Chosen","floor":20.0,"turns":4.0},{"damage":0.0,"enemies":"Snecko","floor":22.0,"turns":4.0},{"damage":23.0,"enemies":"Snake Plant","floor":27.0,"turns":3.0},{"damage":7,"enemies":"Slavers","floor":28,"turns":3},{"damage":36,"enemies":"Book of Stabbing","floor":30,"turns":4},{"damage":8,"enemies":"3 Cultists","floor":31,"turns":3},{"damage":14,"enemies":"Collector","floor":33,"turns":6},{"damage":9,"enemies":"3 Shapes","floor":35,"turns":3},{"damage":37,"enemies":"3 Darklings","floor":37,"turns":6},{"damage":28,"enemies":"Transient","floor":39,"turns":5},{"damage":0,"enemies":"Reptomancer","floor":40,"turns":5},{"damage":12,"enemies":"Nemesis","floor":42,"turns":7},{"damage":10,"enemies":"Maw","floor":44,"turns":6},{"damage":33,"enemies":"Spire Growth","floor":45,"turns":5},{"damage":11,"enemies":"Giant Head","floor":47,"turns":8},{"damage":0,"enemies":"Donu and Deca","floor":50,"turns":6}],"seed_played":"4419670001557149069","potions_obtained":[{"floor":6.0,"key":"Energy Potion"},{"floor":20.0,"key":"FearPotion"},{"floor":27,"key":"Block Potion"},{"floor":30,"key":"AttackPotion"},{"floor":37,"key":"Swift Potion"},{"floor":42,"key":"Ancient Potion"},{"floor":44,"key":"DistilledChaos"}],"is_trial":false,"path_per_floor":["M","$","?","$","?","E","R","E","T","M","E","M","M","M","R","B",null,"M","?","M","?","M","R","$","R","T","M","E","?","E","M","R","B",null,"M","T","M","$","M","E","$","E","T","M","M","$","E","?","R","B",null],"character_chosen":"DEFECT","items_purchased":["Defragment","Explosive Potion","FocusPotion","Apotheosis","Compile Driver","Block Potion","Defragment","SteroidPotion","Energy Potion"],"campfire_rested":0,"item_purchase_floors":[2,2,24,24,24,38,38,41,46],"current_hp_per_floor":[64,64,64,64,57,57,57,57,57,57,48,52,47,50,50,54,67,71,71,71,71,71,71,71,71,71,52,51,51,40,47,47,67,75,73,73,74,78,62,78,78,78,78,78,78,78,78,74,74,74],"gold":79,"neow_bonus":"THREE_ENEMY_KILL","is_prod":false,"is_daily":false,"chose_seed":false,"campfire_upgraded":6,"win_rate":0,"timestamp":1660929088,"path_taken":["M","$","?","?","?","E","R","E","T","M","E","M","M","M","R","BOSS","M","?","M","?","?","R","$","R","T","M","E","?","E","M","R","BOSS","M","?","M","$","?","E","$","E","T","M","M","$","E","?","R","BOSS"],"build_version":"2022-03-07","purchased_purges":1,"victory":true,"max_hp_per_floor":[71,71,71,71,71,71,71,71,71,71,71,71,71,71,71,71,71,71,71,71,71,71,71,71,71,71,71,71,71,78,78,78,78,78,78,78,78,78,78,78,78,78,78,78,78,78,78,74,74,74],"relic_stats":{"Centennial Puzzle":[45],"Bottled Flame":"Core Surge","counters":[26,108],"Bird Faced Urn":[158],"MealTicket":4,"The Courier":10,"Nloth\u0027s Gift":5,"obtain_stats":[{"Potion Belt":26,"NeowsBlessing":0,"SacredBark":34,"Vajra":40,"The Courier":42,"Centennial Puzzle":8,"Bottled Flame":36,"Bird Faced Urn":11,"Strawberry":30,"MealTicket":9,"Coffee Dripper":17,"Nloth\u0027s Gift":29,"Kunai":6,"Cracked Core":0,"StrikeDummy":28,"Symbiotic Virus":43,"Meat on the Bone":47},{"Potion Belt":12,"NeowsBlessing":0,"SacredBark":17,"Vajra":21,"The Courier":22,"Centennial Puzzle":3,"Bottled Flame":18,"Bird Faced Urn":5,"Strawberry":15,"MealTicket":3,"Coffee Dripper":9,"Nloth\u0027s Gift":14,"Kunai":2,"Cracked Core":0,"StrikeDummy":14,"Symbiotic Virus":22,"Meat on the Bone":25},{"Potion Belt":38,"NeowsBlessing":0,"SacredBark":57,"Vajra":76,"The Courier":83,"Centennial Puzzle":4,"Bottled Flame":60,"Bird Faced Urn":13,"Strawberry":48,"MealTicket":4,"Coffee Dripper":27,"Nloth\u0027s Gift":44,"Kunai":2,"Cracked Core":0,"StrikeDummy":44,"Symbiotic Virus":83,"Meat on the Bone":102}],"Meat on the Bone":0},"card_choices":[{"not_picked":["Beam Cell","Turbo"],"picked":"Undo","floor":1.0},{"not_picked":["Defragment","Leap"],"picked":"Beam Cell","floor":6.0},{"not_picked":["Double Energy","Skim"],"picked":"Conserve Battery","floor":8.0},{"not_picked":["Skim","Coolheaded"],"picked":"Go for the Eyes","floor":10.0},{"not_picked":["Coolheaded","Self Repair"],"picked":"Electrodynamics","floor":11.0},{"not_picked":["Go for the Eyes","Steam"],"picked":"Doom and Gloom","floor":12.0},{"not_picked":["Conserve Battery","Leap"],"picked":"Ball Lightning","floor":13.0},{"not_picked":["Chaos","Auto Shields","Streamline"],"picked":"SKIP","floor":14.0},{"not_picked":["Core Surge","All For One"],"picked":"Echo Form","floor":16.0},{"not_picked":["Steam Power","BootSequence"],"picked":"Glacier","floor":18.0},{"not_picked":["Beam Cell","Coolheaded"],"picked":"Rip and Tear","floor":20.0},{"not_picked":["Stack","Chaos"],"picked":"Storm+1","floor":22.0},{"not_picked":["Stack","Electrodynamics"],"picked":"Barrage","floor":27},{"not_picked":["Compile Driver","Loop"],"picked":"Self Repair","floor":28},{"not_picked":["Leap","Self Repair"],"picked":"Core Surge","floor":30},{"not_picked":["Conserve Battery","Steam","Aggregate"],"picked":"SKIP","floor":31},{"not_picked":["Machine Learning","Fission"],"picked":"Rainbow","floor":33},{"not_picked":["Rebound+1","Sunder"],"picked":"Loop+1","floor":35},{"not_picked":["Conserve Battery","Hologram","Static Discharge"],"picked":"SKIP","floor":37},{"not_picked":["Turbo","Go for the Eyes"],"picked":"Seek","floor":39},{"not_picked":["Seek","All For One"],"picked":"Skim","floor":40},{"not_picked":["Gash","White Noise"],"picked":"Amplify","floor":42},{"not_picked":["Redo+1","Tempest","Ball Lightning"],"picked":"SKIP","floor":44},{"not_picked":["Storm","Hyperbeam"],"picked":"Coolheaded","floor":45},{"not_picked":["Auto Shields","Meteor Strike"],"picked":"Hologram+1","floor":47}],"player_experience":5220362,"relics_obtained":[{"floor":6.0,"key":"Kunai"},{"floor":8.0,"key":"Centennial Puzzle"},{"floor":9.0,"key":"MealTicket"},{"floor":11.0,"key":"Bird Faced Urn"},{"floor":26.0,"key":"Potion Belt"},{"floor":28,"key":"StrikeDummy"},{"floor":30,"key":"Strawberry"},{"floor":36,"key":"Bottled Flame"},{"floor":40,"key":"Vajra"},{"floor":42,"key":"The Courier"},{"floor":43,"key":"Symbiotic Virus"},{"floor":47,"key":"Meat on the Bone"}],"event_choices":[{"cards_removed":["Strike_B"],"damage_healed":0.0,"max_hp_gain":0.0,"max_hp_loss":0.0,"gold_gain":0.0,"event_name":"Bonfire Elementals","player_choice":"Offered Basic","floor":3.0,"gold_loss":0.0,"damage_taken":0.0},{"cards_removed":["Strike_B"],"damage_healed":0.0,"max_hp_gain":0.0,"max_hp_loss":0.0,"gold_gain":0.0,"event_name":"Golden Wing","player_choice":"Card Removal","floor":5.0,"gold_loss":0.0,"damage_taken":7.0},{"damage_healed":0.0,"max_hp_gain":0.0,"max_hp_loss":0.0,"gold_gain":0.0,"cards_transformed":["Zap","Strike_B"],"event_name":"Drug Dealer","player_choice":"Became Test Subject","floor":19.0,"gold_loss":0.0,"damage_taken":0.0,"cards_obtained":["Multi-Cast","Buffer"]},{"damage_healed":0.0,"max_hp_gain":0.0,"max_hp_loss":0.0,"gold_gain":0.0,"event_name":"Match and Keep!","player_choice":"0 cards matched","floor":21.0,"gold_loss":0.0,"damage_taken":0.0,"cards_obtained":[]},{"damage_healed":0,"gold_gain":0,"player_choice":"Traded Relic","damage_taken":0,"relics_obtained":["Nloth\u0027s Gift"],"max_hp_gain":0,"max_hp_loss":0,"event_name":"N\u0027loth","floor":29,"relics_lost":["Kunai"],"gold_loss":0},{"damage_healed":0,"gold_gain":0,"player_choice":"Max HP","damage_taken":0,"max_hp_gain":0,"max_hp_loss":4,"event_name":"Winding Halls","floor":48,"gold_loss":0}],"is_beta":false,"boss_relics":[{"not_picked":["Busted Crown","Velvet Choker"],"picked":"Coffee Dripper"},{"not_picked":["Runic Dome","Snecko Eye"],"picked":"SacredBark"}],"items_purged_floors":[38],"is_endless":false,"potions_floor_spawned":[6,11,12,20,27,30,37,42,44],"ascension_level":15}