{"gold_per_floor":[110,185,185,195,195,195,211,229,229,253,287,306,347,367,367,458,458,478,20,20,20,20,53,53,93,173,193,209,209,7,27,27,118,118,143,143,163,183,199,242,242,242,242,283,283,341,375,7,7,7],"floor_reached":51,"playtime":2251,"items_purged":["Strike_B","Zap"],"score":1361,"play_id":"0c82884f-38a7-4924-b6eb-2b1a705df8d8","local_time":"20220830112319","is_ascension_mode":true,"campfire_choices":[{"data":"Streamline","floor":6.0,"key":"SMITH"},{"floor":15.0,"key":"REST"},{"floor":24,"key":"REST"},{"floor":32,"key":"REST"},{"data":"Rainbow","floor":42,"key":"SMITH"},{"data":"Aggregate","floor":45,"key":"SMITH"},{"data":"Loop","floor":49,"key":"SMITH"}],"neow_cost":"NONE","seed_source_timestamp":209809179583300,"circlet_count":0,"master_deck":["AscendersBane","Strike_B","Defend_B","Defend_B","Defend_B","Defend_B","Dualcast","Streamline+1","FTL","Melter","Compile Driver","Ball Lightning","Cold Snap","Glacier","Echo Form","Biased Cognition","Gash","Self Repair","Rainbow+1","Steam","Aggregate+1","Multi-Cast","Conserve Battery+1","Glacier","Recycle","Double Energy","Double Energy+1","Loop+1"],"special_seed":0,"relics":["Cracked Core","Juzu Bracelet","Golden Idol","Potion Belt","Blue Candle","Bronze Scales","Runic Pyramid","TheAbacus","Eternal Feather","Blood Vial","Singing Bowl","Bag of Marbles","Lantern","Coffee Dripper","Pocketwatch","StrikeDummy","Bird Faced Urn","Lizard Tail","Pen Nib","Bag of Preparation"],"potions_floor_usage":[23,23,23,23,23,25,28,33,33,33,40,46,50,50,50],"damage_taken":[{"damage":1.0,"enemies":"Small Slimes","floor":1.0,"turns":4.0},{"damage":2.0,"enemies":"Jaw Worm","floor":4.0,"turns":3.0},{"damage":0.0,"enemies":"Cultist","floor":7.0,"turns":2.0},{"damage":2.0,"enemies":"Looter","floor":8.0,"turns":3.0},{"damage":1.0,"enemies":"Exordium Thugs","floor":10.0,"turns":2.0},{"damage":18.0,"enemies":"Gremlin Nob","floor":11.0,"turns":3.0},{"damage":6.0,"enemies":"Blue Slaver","floor":12.0,"turns":2.0},{"damage":5.0,"enemies":"Lagavulin","floor":13.0,"turns":7.0},{"damage":6.0,"enemies":"Looter","floor":14.0,"turns":3.0},{"damage":27.0,"enemies":"The Guardian","floor":16.0,"turns":13.0},{"damage":15.0,"enemies":"3 Byrds","floor":18.0,"turns":3.0},{"damage":27,"enemies":"Gremlin Leader","floor":23,"turns":8},{"damage":35,"enemies":"Slavers","floor":25,"turns":4},{"damage":1,"enemies":"Spheric Guardian","floor":27,"turns":4},{"damage":11,"enemies":"Snake Plant","floor":28,"turns":4},{"damage":5,"enemies":"Snecko","floor":31,"turns":4},{"damage":21,"enemies":"Champ","floor":33,"turns":10},{"damage":4,"enemies":"Orb Walker","floor":35,"turns":3},{"damage":13,"enemies":"3 Shapes","floor":37,"turns":6},{"damage":2,"enemies":"Maw","floor":38,"turns":9},{"damage":0,"enemies":"4 Shapes","floor":39,"turns":7},{"damage":7,"enemies":"Reptomancer","floor":40,"turns":6},{"damage":37,"enemies":"Nemesis","floor":44,"turns":11},{"damage":17,"enemies":"2 Orb Walkers","floor":46,"turns":4},{"damage":27,"enemies":"Giant Head","floor":47,"turns":7},{"damage":16,"enemies":"Donu and Deca","floor":50,"turns":8}],"seed_played":"6776129317966013232","potions_obtained":[{"floor":1.0,"key":"Energy Potion"},{"floor":7.0,"key":"SteroidPotion"},{"floor":11.0,"key":"Dexterity Potion"},{"floor":14.0,"key":"SpeedPotion"},{"floor":25,"key":"Weak Potion"},{"floor":27,"key":"BlessingOfTheForge"},{"floor":33,"key":"Ancient Potion"},{"floor":37,"key":"Explosive Potion"},{"floor":38,"key":"AttackPotion"},{"floor":47,"key":"Regen Potion"}],"is_trial":false,"path_per_floor":["M","?","?","M","?","R","M","M","T","M","E","M","E","M","R","B",null,"M","$","?","$","?","E","R","E","T","M","M","T","$","M","R","B",null,"M","?","M","M","M","E","?","R","T","E","R","?","E","$","R","B",null],"character_chosen":"DEFECT","items_purchased":["Self Repair","BlessingOfTheForge","EntropicBrew","PowerPotion","TheAbacus","Lantern","Block Potion","Loop","PowerPotion","Bag of Preparation"],"campfire_rested":3,"item_purchase_floors":[19,19,19,19,19,30,30,48,48,48],"current_hp_per_floor":[63,52,52,50,50,50,50,48,48,47,29,23,18,12,31,4,49,34,34,34,34,34,14,45,10,10,20,20,20,20,17,49,50,64,62,62,60,70,70,72,72,72,72,49,64,62,63,63,76,76],"gold":7,"neow_bonus":"RANDOM_COMMON_RELIC","is_prod":false,"is_daily":false,"chose_seed":false,"campfire_upgraded":4,"win_rate":0,"timestamp":1661883799,"path_taken":["M","?","?","M","?","R","M","M","T","M","E","M","E","M","R","BOSS","M","$","?","?","?","E","R","E","T","M","M","?","?","M","R","BOSS","M","?","M","M","M","E","?","R","T","E","R","?","E","$","R","BOSS"],"build_version":"2022-03-07","purchased_purges":2,"victory":true,"max_hp_per_floor":[71,71,71,71,64,64,64,64,64,64,64,64,64,64,64,64,64,64,64,64,64,64,64,64,64,64,66,68,68,68,68,68,68,68,68,68,70,70,70,72,72,72,72,72,72,74,76,76,76,76],"relic_stats":{"Singing Bowl":12,"counters":[26,140],"Golden Idol":172,"Blue Candle":[0],"Eternal Feather":52,"Pen Nib":[0],"Juzu Bracelet":2,"Bag of Preparation":[2],"Blood Vial":18,"Lizard Tail":0,"TheAbacus":[72],"Bronze Scales":[358],"Bird Faced Urn":[21],"obtain_stats":[{"Potion Belt":9,"Lantern":30,"Singing Bowl":26,"Golden Idol":5,"Blue Candle":11,"Eternal Feather":23,"Pen Nib":47,"Juzu Bracelet":0,"Bag of Preparation":48,"Blood Vial":25,"Lizard Tail":46,"TheAbacus":19,"Bronze Scales":13,"Bird Faced Urn":44,"Bag of Marbles":29,"Coffee Dripper":34,"Cracked Core":0,"StrikeDummy":43,"Runic Pyramid":17,"Pocketwatch":40},{"Potion Belt":4,"Lantern":15,"Singing Bowl":13,"Golden Idol":2,"Blue Candle":6,"Eternal Feather":12,"Pen Nib":25,"Juzu Bracelet":0,"Bag of Preparation":25,"Blood Vial":13,"Lizard Tail":24,"TheAbacus":11,"Bronze Scales":8,"Bird Faced Urn":23,"Bag of Marbles":15,"Coffee Dripper":17,"Cracked Core":0,"StrikeDummy":22,"Runic Pyramid":10,"Pocketwatch":22},{"Potion Belt":12,"Lantern":65,"Singing Bowl":57,"Golden Idol":7,"Blue Candle":17,"Eternal Feather":53,"Pen Nib":132,"Juzu Bracelet":0,"Bag of Preparation":132,"Blood Vial":57,"Lizard Tail":125,"TheAbacus":45,"Bronze Scales":26,"Bird Faced Urn":121,"Bag of Marbles":65,"Coffee Dripper":79,"Cracked Core":0,"StrikeDummy":110,"Runic Pyramid":42,"Pocketwatch":110}],"Pocketwatch":[5]},"card_choices":[{"not_picked":["Consume","Recycle"],"picked":"Streamline","floor":1.0},{"not_picked":["Leap","Auto Shields"],"picked":"Melter","floor":4.0},{"not_picked":["Gash","Beam Cell"],"picked":"Compile Driver","floor":7.0},{"not_picked":["Go for the Eyes","Barrage"],"picked":"Ball Lightning","floor":8.0},{"not_picked":["Rebound","Stack"],"picked":"Cold Snap","floor":10.0},{"not_picked":["Blizzard","Barrage","Hyperbeam"],"picked":"SKIP","floor":11.0},{"not_picked":["Redo","Ball Lightning"],"picked":"Glacier","floor":12.0},{"not_picked":["Capacitor","Cold Snap"],"picked":"Echo Form","floor":13.0},{"not_picked":["Compile Driver","Static Discharge"],"picked":"Doom and Gloom","floor":14.0},{"not_picked":["Rainbow","Electrodynamics"],"picked":"Biased Cognition","floor":16.0},{"not_picked":["FTL","Compile Driver"],"picked":"Gash","floor":18.0},{"not_picked":["Coolheaded","Rebound"],"picked":"Steam","floor":23},{"not_picked":["Leap","Rebound+1","Barrage"],"picked":"SKIP","floor":25},{"not_picked":["Consume+1","Go for the Eyes","Ball Lightning"],"picked":"Singing Bowl","floor":27},{"not_picked":["Echo Form","Barrage","Cold Snap"],"picked":"Singing Bowl","floor":28},{"not_picked":["Sweeping Beam","Steam"],"picked":"Aggregate","floor":31},{"not_picked":["Rainbow","Thunder Strike"],"picked":"Multi-Cast","floor":33},{"not_picked":["Steam","Rip and Tear"],"picked":"Conserve Battery+1","floor":35},{"not_picked":["Steam","Heatsinks+1","Consume"],"picked":"Singing Bowl","floor":37},{"not_picked":["Self Repair+1","Steam"],"picked":"Recycle","floor":38},{"not_picked":["Gash","Beam Cell"],"picked":"Double Energy","floor":39},{"not_picked":["Streamline","Doom and Gloom","Rainbow"],"picked":"Singing Bowl","floor":40},{"not_picked":["Cold Snap","Sunder+1"],"picked":"Double Energy+1","floor":44},{"not_picked":["Go for the Eyes","Rebound","Rip and Tear+1"],"picked":"Singing Bowl","floor":46},{"not_picked":["Conserve Battery","Beam Cell","Consume+1"],"picked":"Singing Bowl","floor":47}],"player_experience":5249107,"relics_obtained":[{"floor":9.0,"key":"Potion Belt"},{"floor":11.0,"key":"Blue Candle"},{"floor":13.0,"key":"Bronze Scales"},{"floor":23,"key":"Eternal Feather"},{"floor":25,"key":"Blood Vial"},{"floor":26,"key":"Singing Bowl"},{"floor":29,"key":"Bag of Marbles"},{"floor":40,"key":"Pocketwatch"},{"floor":43,"key":"StrikeDummy"},{"floor":44,"key":"Bird Faced Urn"},{"floor":46,"key":"Lizard Tail"},{"floor":47,"key":"Pen Nib"}],"event_choices":[{"damage_healed":0.0,"max_hp_gain":0.0,"max_hp_loss":0.0,"gold_gain":75.0,"event_name":"World of Goop","player_choice":"Gather Gold","floor":2.0,"gold_loss":0.0,"damage_taken":11.0},{"damage_healed":0.0,"max_hp_gain":0.0,"max_hp_loss":0.0,"gold_gain":0.0,"cards_transformed":["Strike_B"],"event_name":"Transmorgrifier","player_choice":"Transformed","floor":3.0,"gold_loss":0.0,"damage_taken":0.0,"cards_obtained":["FTL"]},{"damage_healed":0.0,"max_hp_gain":0.0,"max_hp_loss":7.0,"gold_gain":0.0,"event_name":"Golden Idol","player_choice":"Lose Max HP","floor":5.0,"gold_loss":0.0,"damage_taken":0.0,"relics_obtained":["Golden Idol"]},{"damage_healed":0.0,"max_hp_gain":0.0,"max_hp_loss":0.0,"gold_gain":0.0,"event_name":"Match and Keep!","player_choice":"1 cards matched","floor":20.0,"gold_loss":0.0,"damage_taken":0.0,"cards_obtained":["Rainbow"]},{"damage_healed":0.0,"max_hp_gain":0.0,"max_hp_loss":0.0,"gold_gain":0.0,"event_name":"Cursed Tome","player_choice":"Ignored","floor":22.0,"gold_loss":0.0,"damage_taken":0.0},{"damage_healed":0,"gold_gain":0,"cards_transformed":["Strike_B"],"player_choice":"Transformed","damage_taken":0,"max_hp_gain":0,"max_hp_loss":0,"event_name":"Transmorgrifier","floor":36,"gold_loss":0,"cards_obtained":["Glacier"]},{"cards_removed":["Doom and Gloom"],"damage_healed":0,"gold_gain":0,"player_choice":"Removed Attack","damage_taken":0,"max_hp_gain":0,"max_hp_loss":0,"event_name":"Falling","floor":41,"gold_loss":0},{"damage_healed":0,"gold_gain":0,"player_choice":"Fight","damage_taken":0,"max_hp_gain":0,"max_hp_loss":0,"event_name":"Mysterious Sphere","floor":46,"gold_loss":0}],"is_beta":false,"boss_relics":[{"not_picked":["Inserter","Busted Crown"],"picked":"Runic Pyramid"},{"not_picked":["Velvet Choker","Pandora\u0027s Box"],"picked":"Coffee Dripper"}],"items_purged_floors":[19,48],"is_endless":false,"potions_floor_spawned":[1,7,11,14,25,27,33,37,38,47],"ascension_level":15}