{"gold_per_floor":[213,213,136,157,157,157,193,193,216,246,258,309,337,349,361,469,481,512,133,149,54,54,54,78,116,116,157,181,181,181,15,15,106,106,131,152,172,172,17,17,17,17,17,17,350,366,386,402,402,402],"floor_reached":51,"playtime":2164,"items_purged":["Hello World"],"score":1332,"play_id":"efc5e314-652b-405b-b527-1170f06cbccd","local_time":"20220820155213","is_ascension_mode":true,"campfire_choices":[{"data":"Rebound","floor":6.0,"key":"SMITH"},{"floor":8.0,"key":"REST"},{"data":"Go for the Eyes","floor":11.0,"key":"SMITH"},{"floor":15.0,"key":"REST"},{"data":"Dualcast","floor":23.0,"key":"SMITH"},{"floor":30,"key":"REST"},{"floor":32,"key":"REST"},{"floor":40,"key":"REST"},{"floor":42,"key":"REST"},{"data":"Beam Cell","floor":44,"key":"SMITH"},{"floor":49,"key":"REST"}],"neow_cost":"NONE","seed_source_timestamp":282989539562400,"circlet_count":0,"master_deck":["AscendersBane","Zap+1","Dualcast+1","Undo","Rebound+1","Glacier+1","Cold Snap","Go for the Eyes+1","Gash","All For One","Steam","Turbo","Auto Shields","Beam Cell+1","White Noise","Core Surge","BootSequence","Chill","Flash of Steel","Recycle+1","Barrage","Hologram+1","Genetic Algorithm+1","Good Instincts+1","Biased Cognition","Gash","Stack+1","Finesse+1","Good Instincts+1","Flash of Steel","Skim+1","Coolheaded+1","Steam+1"],"special_seed":0,"relics":["Cracked Core","Matryoshka","White Beast Statue","MawBank","Bronze Scales","Pandora\u0027s Box","Runic Capacitor","Mummified Hand","Toxic Egg 2","Symbiotic Virus","WingedGreaves","Bottled Flame","Letter Opener","Cursed Key","Potion Belt"],"potions_floor_usage":[33,33,36,37,37,50,50,50,50],"damage_taken":[{"damage":0.0,"enemies":"2 Louse","floor":1.0,"turns":3.0},{"damage":0.0,"enemies":"Cultist","floor":4.0,"turns":3.0},{"damage":34.0,"enemies":"Gremlin Nob","floor":7.0,"turns":4.0},{"damage":0.0,"enemies":"Jaw Worm","floor":10.0,"turns":4.0},{"damage":31.0,"enemies":"Lagavulin","floor":12.0,"turns":7.0},{"damage":0.0,"enemies":"Gremlin Gang","floor":13.0,"turns":4.0},{"damage":0.0,"enemies":"The Guardian","floor":16.0,"turns":12.0},{"damage":6.0,"enemies":"Shell Parasite","floor":18.0,"turns":5.0},{"damage":1.0,"enemies":"2 Thieves","floor":20.0,"turns":4.0},{"damage":0.0,"enemies":"Centurion and Healer","floor":24.0,"turns":4.0},{"damage":0.0,"enemies":"Gremlin Leader","floor":25.0,"turns":5.0},{"damage":3.0,"enemies":"Book of Stabbing","floor":27.0,"turns":3.0},{"damage":18.0,"enemies":"Chosen and Byrds","floor":28.0,"turns":5.0},{"damage":7,"enemies":"Collector","floor":33,"turns":14},{"damage":1,"enemies":"3 Shapes","floor":35,"turns":4},{"damage":12,"enemies":"3 Darklings","floor":36,"turns":5},{"damage":28,"enemies":"Transient","floor":37,"turns":5},{"damage":0,"enemies":"Spire Growth","floor":46,"turns":4},{"damage":0,"enemies":"Jaw Worm Horde","floor":47,"turns":4},{"damage":9,"enemies":"Writhing Mass","floor":48,"turns":6},{"damage":15,"enemies":"Donu and Deca","floor":50,"turns":9}],"seed_played":"-7511111233623775830","potions_obtained":[{"floor":7.0,"key":"SmokeBomb"},{"floor":10.0,"key":"FairyPotion"},{"floor":12.0,"key":"Fire Potion"},{"floor":13.0,"key":"BlessingOfTheForge"},{"floor":18.0,"key":"FearPotion"},{"floor":20.0,"key":"EssenceOfDarkness"},{"floor":24.0,"key":"Strength Potion"},{"floor":25.0,"key":"SteroidPotion"},{"floor":27.0,"key":"SpeedPotion"},{"floor":28.0,"key":"LiquidBronze"},{"floor":33,"key":"SkillPotion"},{"floor":35,"key":"Block Potion"},{"floor":36,"key":"Strength Potion"},{"floor":37,"key":"Regen Potion"},{"floor":46,"key":"EssenceOfDarkness"},{"floor":47,"key":"LiquidBronze"},{"floor":48,"key":"EssenceOfSteel"}],"is_trial":false,"path_per_floor":["M","?","$","M","?","R","E","R","T","M","R","E","M","?","R","B",null,"M","$","M","$","T","R","M","E","T","E","M","?","R","$","R","B",null,"M","M","M","?","$","R","?","R","T","R","?","M","M","M","R","B",null],"character_chosen":"DEFECT","items_purchased":["SteroidPotion","Rebound","Runic Capacitor","Mummified Hand","Flash of Steel","Good Instincts+1","Potion Belt"],"campfire_rested":7,"item_purchase_floors":[3,3,19,19,21,31,39],"current_hp_per_floor":[64,64,64,64,45,45,11,30,30,30,30,19,19,10,29,29,55,49,49,48,48,48,48,48,48,48,45,27,27,46,46,64,57,62,61,49,21,21,21,40,30,49,49,49,49,49,49,40,59,57],"gold":402,"neow_bonus":"HUNDRED_GOLD","is_prod":false,"is_daily":false,"chose_seed":false,"campfire_upgraded":4,"win_rate":0,"timestamp":1661035933,"path_taken":["M","?","$","M","?","R","E","R","T","M","R","E","M","?","R","BOSS","M","$","M","$","?","R","M","E","T","E","M","?","R","$","R","BOSS","M","?","M","?","$","R","?","R","T","R","?","M","M","M","R","BOSS"],"build_version":"2022-03-07","purchased_purges":1,"victory":true,"max_hp_per_floor":[71,64,64,64,64,64,64,64,64,64,64,64,64,64,64,64,64,64,64,64,64,64,64,64,64,64,64,64,64,64,64,64,64,64,64,64,64,64,64,64,64,64,64,64,64,64,64,64,64,64],"relic_stats":{"Bottled Flame":"Flash of Steel","Matryoshka":2,"counters":[21,114],"Mummified Hand":[24],"Bronze Scales":[284],"Pandora\u0027s Box":["Steam","Turbo","Auto Shields","Beam Cell","White Noise","Core Surge","Hello World","BootSequence"],"WingedGreaves":3,"Letter Opener":[229],"MawBank":120,"Cursed Key":0,"obtain_stats":[{"Potion Belt":39,"Golden Idol":2,"Runic Capacitor":19,"Letter Opener":27,"MawBank":9,"Cursed Key":34,"White Beast Statue":9,"Bottled Flame":26,"Matryoshka":7,"Mummified Hand":19,"Bronze Scales":12,"Pandora\u0027s Box":17,"WingedGreaves":25,"Toxic Egg 2":22,"Cracked Core":0,"Symbiotic Virus":22},{"Potion Belt":17,"Golden Idol":1,"Runic Capacitor":8,"Letter Opener":12,"MawBank":3,"Cursed Key":14,"White Beast Statue":3,"Bottled Flame":11,"Matryoshka":3,"Mummified Hand":8,"Bronze Scales":5,"Pandora\u0027s Box":7,"WingedGreaves":11,"Toxic Egg 2":9,"Cracked Core":0,"Symbiotic Virus":9},{"Potion Belt":91,"Golden Idol":3,"Runic Capacitor":42,"Letter Opener":58,"MawBank":10,"Cursed Key":77,"White Beast Statue":10,"Bottled Flame":55,"Matryoshka":10,"Mummified Hand":42,"Bronze Scales":21,"Pandora\u0027s Box":37,"WingedGreaves":55,"Toxic Egg 2":46,"Cracked Core":0,"Symbiotic Virus":46}],"White Beast Statue":[0.002640000000000001,0.0,0.11179200000000004,0.0,0.45788800000000024,0.0,0.3700800000000002,0.0,0.05688000000000003,0.0,7.200000000000003E-4,7.735929600000001]},"card_choices":[{"not_picked":["Leap","Redo"],"picked":"Undo","floor":1.0},{"not_picked":["Coolheaded","Streamline"],"picked":"Glacier","floor":4.0},{"not_picked":["Capacitor","Go for the Eyes"],"picked":"Cold Snap","floor":7.0},{"not_picked":["Steam","Recycle"],"picked":"Go for the Eyes","floor":10.0},{"not_picked":["Steam Power","Meteor Strike","Go for the Eyes"],"picked":"SKIP","floor":12.0},{"not_picked":["Rebound","Hologram"],"picked":"Gash","floor":13.0},{"not_picked":["Rainbow","Fission"],"picked":"All For One","floor":16.0},{"not_picked":["Coolheaded","Aggregate"],"picked":"Chill","floor":18.0},{"not_picked":["Hello World","Skim","Redo"],"picked":"SKIP","floor":20.0},{"not_picked":["Sweeping Beam","Steam Power+1"],"picked":"Recycle+1","floor":24.0},{"not_picked":["Undo+1","Turbo+1"],"picked":"Barrage","floor":25.0},{"not_picked":["BootSequence+1","Undo+1"],"picked":"Hologram+1","floor":27.0},{"not_picked":["Stack+1","Sweeping Beam","Beam Cell"],"picked":"SKIP","floor":28.0},{"not_picked":["Fission+1","Reboot+1"],"picked":"Biased Cognition","floor":33},{"not_picked":["Turbo+1","Ball Lightning"],"picked":"Gash","floor":35},{"not_picked":["Steam+1","Turbo+1"],"picked":"Stack+1","floor":36},{"not_picked":["Tempest+1","Auto Shields+1","Cold Snap"],"picked":"SKIP","floor":37},{"not_picked":["Purity+1","Chrysalis+1"],"picked":"Finesse+1","floor":41},{"not_picked":["Trip+1","Dark Shackles+1"],"picked":"Good Instincts+1","floor":41},{"not_picked":["Mayhem","Madness+1"],"picked":"Flash of Steel","floor":41},{"not_picked":["Streamline+1","Chill+1"],"picked":"Skim+1","floor":46},{"not_picked":["Go for the Eyes","Compile Driver"],"picked":"Coolheaded+1","floor":47},{"not_picked":["Reinforced Body+1","BootSequence+1"],"picked":"Steam+1","floor":48}],"player_experience":5224805,"relics_obtained":[{"floor":7.0,"key":"Matryoshka"},{"floor":9.0,"key":"White Beast Statue"},{"floor":9.0,"key":"MawBank"},{"floor":12.0,"key":"Bronze Scales"},{"floor":22.0,"key":"Toxic Egg 2"},{"floor":22.0,"key":"Symbiotic Virus"},{"floor":25.0,"key":"WingedGreaves"},{"floor":26.0,"key":"Bottled Flame"},{"floor":27.0,"key":"Letter Opener"}],"event_choices":[{"damage_healed":0.0,"max_hp_gain":0.0,"max_hp_loss":7.0,"gold_gain":0.0,"event_name":"Golden Idol","player_choice":"Lose Max HP","floor":2.0,"gold_loss":0.0,"damage_taken":0.0,"relics_obtained":["Golden Idol"]},{"damage_healed":0.0,"max_hp_gain":0.0,"max_hp_loss":0.0,"gold_gain":0.0,"event_name":"Shining Light","player_choice":"Entered Light","floor":5.0,"gold_loss":0.0,"damage_taken":19.0,"cards_upgraded":["Glacier","Zap"]},{"damage_healed":0.0,"max_hp_gain":0.0,"max_hp_loss":0.0,"gold_gain":0.0,"event_name":"Wheel of Change","player_choice":"Damaged","floor":14.0,"gold_loss":0.0,"damage_taken":9.0},{"damage_healed":0,"gold_gain":0,"player_choice":"1 cards matched","damage_taken":0,"max_hp_gain":0,"max_hp_loss":0,"event_name":"Match and Keep!","floor":29,"gold_loss":0,"cards_obtained":["Genetic Algorithm"]},{"damage_healed":0,"gold_gain":0,"player_choice":"Ignored","damage_taken":0,"max_hp_gain":0,"max_hp_loss":0,"event_name":"Tomb of Lord Red Mask","floor":38,"gold_loss":0},{"damage_healed":0,"gold_gain":0,"player_choice":"Memory 3","damage_taken":10,"max_hp_gain":0,"max_hp_loss":0,"event_name":"SensoryStone","floor":41,"gold_loss":0},{"damage_healed":0,"gold_gain":333,"player_choice":"Gave Idol","damage_taken":0,"max_hp_gain":0,"max_hp_loss":0,"event_name":"The Moai Head","floor":45,"relics_lost":["Golden Idol"],"gold_loss":0}],"is_beta":false,"boss_relics":[{"not_picked":["Velvet Choker","Snecko Eye"],"picked":"Pandora\u0027s Box"},{"not_picked":["Fusion Hammer","Runic Dome"],"picked":"Cursed Key"}],"items_purged_floors":[31],"is_endless":false,"potions_floor_spawned":[7,10,12,13,16,18,20,24,25,27,28,33,35,36,37,46,47,48],"ascension_level":15}