{"gold_per_floor":[118,118,135,13,23,52,52,82,82,102,114,114,189,214,214,285,285,304,354,354,370,370,404,26,26,26,38,70,45,45,80,80,159,159,171,182,131,161,161],"floor_reached":39,"playtime":1984,"items_purged":["Zap"],"score":840,"play_id":"8a2d3297-7408-45b4-89c6-fb9d7b2917cf","local_time":"20220828204452","is_ascension_mode":true,"campfire_choices":[{"data":"Defragment","floor":7.0,"key":"SMITH"},{"data":"Static Discharge","floor":12.0,"key":"SMITH"},{"data":"Cold Snap","floor":15.0,"key":"SMITH"},{"data":"Loop","floor":25,"key":"SMITH"},{"floor":30,"key":"REST"},{"floor":32,"key":"REST"}],"neow_cost":"NONE","seed_source_timestamp":71117974903400,"circlet_count":0,"master_deck":["AscendersBane","Conserve Battery+1","Cold Snap+1","Defragment+1","Rebound","Coolheaded","Undo","Static Discharge+1","Skim","All For One","Fusion","Rebound","Stack","Seek","Reinforced Body","Melter","Recycle","White Noise","Compile Driver","Conserve Battery+1","Loop+1","Streamline","Loop+1","Lockon"],"special_seed":0,"relics":["Busted Crown","Centennial Puzzle","Turnip","Eternal Feather","Gremlin Horn","Pandora\u0027s Box","SsserpentHead","Smiling Mask","HornCleat","Juzu Bracelet","Unceasing Top","Regal Pillow","Snecko Eye"],"potions_floor_usage":[28,31,36,39,39,39],"damage_taken":[{"damage":1.0,"enemies":"Jaw Worm","floor":1.0,"turns":4.0},{"damage":5.0,"enemies":"Cultist","floor":3.0,"turns":4.0},{"damage":0.0,"enemies":"2 Louse","floor":5.0,"turns":2.0},{"damage":7.0,"enemies":"3 Sentries","floor":6.0,"turns":10.0},{"damage":0.0,"enemies":"Lagavulin","floor":8.0,"turns":8.0},{"damage":0.0,"enemies":"Looter","floor":10.0,"turns":4.0},{"damage":2.0,"enemies":"Red Slaver","floor":11.0,"turns":5.0},{"damage":2.0,"enemies":"3 Sentries","floor":14.0,"turns":9.0},{"damage":16.0,"enemies":"The Guardian","floor":16.0,"turns":10.0},{"damage":4.0,"enemies":"Chosen","floor":18.0,"turns":6.0},{"damage":4,"enemies":"Shell Parasite","floor":21,"turns":6},{"damage":24,"enemies":"Gremlin Leader","floor":23,"turns":10},{"damage":9,"enemies":"Snake Plant","floor":27,"turns":5},{"damage":25,"enemies":"Slavers","floor":28,"turns":8},{"damage":22,"enemies":"Gremlin Leader","floor":31,"turns":8},{"damage":43,"enemies":"Collector","floor":33,"turns":12},{"damage":14,"enemies":"Orb Walker","floor":35,"turns":3},{"damage":10,"enemies":"3 Darklings","floor":36,"turns":7},{"damage":46,"enemies":"Transient","floor":39,"turns":3}],"seed_played":"7570232148703712450","potions_obtained":[{"floor":1.0,"key":"ColorlessPotion"},{"floor":5.0,"key":"Dexterity Potion"},{"floor":10.0,"key":"SpeedPotion"},{"floor":23,"key":"Explosive Potion"},{"floor":28,"key":"Explosive Potion"},{"floor":35,"key":"Energy Potion"},{"floor":36,"key":"FearPotion"},{"floor":38,"key":"EntropicBrew"}],"is_trial":false,"path_per_floor":["M","?","M","$","M","E","R","E","T","M","M","R","?","E","R","B",null,"M","?","?","M","?","E","$","R","T","M","E","?","R","E","R","B",null,"M","M","$","?","M"],"character_chosen":"DEFECT","items_purchased":["Defragment","Rebound","HornCleat","Loop","FocusPotion"],"campfire_rested":2,"item_purchase_floors":[4,4,24,24,37],"current_hp_per_floor":[63,63,58,58,58,51,51,51,51,51,49,58,47,45,54,38,63,59,59,59,55,55,31,31,43,43,34,9,9,42,20,68,25,60,46,36,36,36,0],"gold":161,"neow_bonus":"BOSS_RELIC","is_prod":false,"is_daily":false,"chose_seed":false,"campfire_upgraded":4,"win_rate":0,"timestamp":1661744692,"path_taken":["M","?","M","$","M","E","R","E","T","M","?","R","?","E","R","BOSS","M","?","?","M","?","E","$","R","T","M","E","?","R","E","R","BOSS","M","M","$","?","M"],"build_version":"2022-03-07","purchased_purges":1,"victory":false,"max_hp_per_floor":[71,71,71,71,71,71,71,71,71,71,71,71,71,71,71,71,71,71,71,71,71,71,71,71,71,71,71,71,71,71,71,71,71,71,71,71,71,71,71],"relic_stats":{"Regal Pillow":15,"Gremlin Horn":[24,24],"counters":[19,123],"Eternal Feather":54,"Juzu Bracelet":1,"Smiling Mask":25,"SsserpentHead":100,"Centennial Puzzle":[39],"Busted Crown":36,"Snecko Eye":[26,28,27,35,-48],"Pandora\u0027s Box":["Fusion","Rebound","Stack","Seek","Reinforced Body","Melter","Recycle","White Noise"],"Turnip":[11],"obtain_stats":[{"Regal Pillow":31,"Gremlin Horn":14,"Eternal Feather":9,"Juzu Bracelet":26,"Smiling Mask":23,"SsserpentHead":22,"Centennial Puzzle":6,"Busted Crown":0,"HornCleat":24,"Snecko Eye":34,"Pandora\u0027s Box":17,"Turnip":8,"Cracked Core":0,"Unceasing Top":28},{"Regal Pillow":15,"Gremlin Horn":8,"Eternal Feather":5,"Juzu Bracelet":12,"Smiling Mask":12,"SsserpentHead":11,"Centennial Puzzle":4,"Busted Crown":0,"HornCleat":12,"Snecko Eye":16,"Pandora\u0027s Box":9,"Turnip":5,"Cracked Core":0,"Unceasing Top":14},{"Regal Pillow":98,"Gremlin Horn":46,"Eternal Feather":28,"Juzu Bracelet":78,"Smiling Mask":78,"SsserpentHead":68,"Centennial Puzzle":20,"Busted Crown":0,"HornCleat":78,"Snecko Eye":110,"Pandora\u0027s Box":56,"Turnip":28,"Cracked Core":0,"Unceasing Top":90}],"Unceasing Top":[0]},"card_choices":[{"not_picked":[],"picked":"Conserve Battery","floor":1.0},{"not_picked":[],"picked":"Cold Snap","floor":3.0},{"not_picked":[],"picked":"Coolheaded","floor":5.0},{"not_picked":[],"picked":"Undo","floor":6.0},{"not_picked":["Heatsinks"],"picked":"SKIP","floor":8.0},{"not_picked":[],"picked":"Static Discharge","floor":10.0},{"not_picked":["Redo"],"picked":"SKIP","floor":11.0},{"not_picked":[],"picked":"Skim","floor":14.0},{"not_picked":[],"picked":"All For One","floor":16.0},{"not_picked":[],"picked":"Compile Driver","floor":18.0},{"not_picked":[],"picked":"Conserve Battery+1","floor":21},{"not_picked":["Double Energy"],"picked":"SKIP","floor":23},{"not_picked":["BootSequence"],"picked":"SKIP","floor":27},{"not_picked":["Fusion"],"picked":"SKIP","floor":28},{"not_picked":[],"picked":"Streamline","floor":31},{"not_picked":[],"picked":"Loop+1","floor":35},{"not_picked":[],"picked":"Lockon","floor":36}],"player_experience":5240855,"relics_obtained":[{"floor":6.0,"key":"Centennial Puzzle"},{"floor":8.0,"key":"Turnip"},{"floor":9.0,"key":"Eternal Feather"},{"floor":14.0,"key":"Gremlin Horn"},{"floor":23,"key":"Smiling Mask"},{"floor":26,"key":"Juzu Bracelet"},{"floor":28,"key":"Unceasing Top"},{"floor":31,"key":"Regal Pillow"}],"event_choices":[{"damage_healed":0.0,"max_hp_gain":0.0,"max_hp_loss":0.0,"gold_gain":0.0,"event_name":"Upgrade Shrine","player_choice":"Upgraded","floor":2.0,"gold_loss":0.0,"damage_taken":0.0,"cards_upgraded":["Conserve Battery"]},{"damage_healed":0.0,"max_hp_gain":0.0,"max_hp_loss":0.0,"gold_gain":75.0,"event_name":"World of Goop","player_choice":"Gather Gold","floor":13.0,"gold_loss":0.0,"damage_taken":11.0},{"damage_healed":0.0,"max_hp_gain":0.0,"max_hp_loss":0.0,"gold_gain":50.0,"event_name":"Nest","player_choice":"Stole From Cult","floor":19.0,"gold_loss":0.0,"damage_taken":0.0},{"damage_healed":0,"gold_gain":0,"player_choice":"Ignored","damage_taken":0,"max_hp_gain":0,"max_hp_loss":0,"event_name":"Cursed Tome","floor":20,"gold_loss":0},{"damage_healed":0,"gold_gain":0,"player_choice":"Trade","damage_taken":0,"relics_obtained":["SsserpentHead"],"max_hp_gain":0,"max_hp_loss":0,"event_name":"FaceTrader","floor":22,"gold_loss":0},{"cards_removed":["Dualcast"],"damage_healed":0,"gold_gain":0,"player_choice":"Gave Gold","damage_taken":0,"max_hp_gain":0,"max_hp_loss":0,"event_name":"Beggar","floor":29,"gold_loss":75},{"damage_healed":0,"gold_gain":0,"player_choice":"Bought 1 Potion","damage_taken":0,"max_hp_gain":0,"max_hp_loss":0,"event_name":"The Woman in Blue","floor":38,"gold_loss":0}],"is_beta":false,"boss_relics":[{"not_picked":["Tiny House","Velvet Choker"],"picked":"Pandora\u0027s Box"},{"not_picked":["Coffee Dripper","Runic Dome"],"picked":"Snecko Eye"}],"items_purged_floors":[24],"is_endless":false,"potions_floor_spawned":[1,5,10,23,28,35,36],"killed_by":"Transient","ascension_level":15}