{"gold_per_floor":[17,37,37,47,65,97,107,107,107,107,123,158,174,189,189,189],"floor_reached":16,"playtime":420,"items_purged":[],"score":203,"play_id":"4979ca32-c393-43c1-abea-123e175afe20","local_time":"20220822090310","is_ascension_mode":true,"campfire_choices":[{"floor":8,"key":"REST"},{"floor":10,"key":"REST"},{"floor":15,"key":"REST"}],"neow_cost":"NO_GOLD","seed_source_timestamp":3482586543900,"circlet_count":0,"master_deck":["AscendersBane","Strike_B","Strike_B","Strike_B","Strike_B","Defend_B","Defend_B","Defend_B","Defend_B","Zap","Dualcast","Core Surge","Barrage","FTL","Defragment","Sweeping Beam","Static Discharge","Leap","Cold Snap","Capacitor","White Noise","Reinforced Body"],"special_seed":0,"relics":["Cracked Core","Bottled Flame","Darkstone Periapt","Mummified Hand"],"potions_floor_usage":[6,13],"damage_taken":[{"damage":2.0,"enemies":"Jaw Worm","floor":1.0,"turns":3.0},{"damage":1.0,"enemies":"Cultist","floor":2.0,"turns":3.0},{"damage":7,"enemies":"Small Slimes","floor":4,"turns":3},{"damage":10,"enemies":"3 Louse","floor":5,"turns":2},{"damage":20,"enemies":"Lagavulin","floor":6,"turns":6},{"damage":8,"enemies":"Exordium Wildlife","floor":7,"turns":3},{"damage":3,"enemies":"Looter","floor":11,"turns":3},{"damage":27,"enemies":"Gremlin Nob","floor":12,"turns":4},{"damage":13,"enemies":"Blue Slaver","floor":13,"turns":2},{"damage":9,"enemies":"Red Slaver","floor":14,"turns":3},{"damage":28,"enemies":"The Guardian","floor":16,"turns":4}],"seed_played":"8393317811311056246","potions_obtained":[{"floor":2.0,"key":"BlessingOfTheForge"},{"floor":11,"key":"Ancient Potion"},{"floor":12,"key":"Energy Potion"},{"floor":14,"key":"PotionOfCapacity"}],"is_trial":false,"path_per_floor":["M","M","?","M","M","E","M","R","T","R","M","E","M","M","R","B"],"character_chosen":"DEFECT","items_purchased":[],"campfire_rested":3,"item_purchase_floors":[],"current_hp_per_floor":[62,61,61,54,44,24,16,37,37,58,55,28,15,6,27,0],"gold":189,"neow_bonus":"THREE_RARE_CARDS","is_prod":false,"is_daily":false,"chose_seed":false,"campfire_upgraded":0,"win_rate":0,"timestamp":1661184190,"path_taken":["M","M","?","?","M","E","M","R","T","R","?","E","M","M","R","BOSS"],"build_version":"2022-03-07","purchased_purges":0,"victory":false,"max_hp_per_floor":[71,71,71,71,71,71,71,71,71,71,71,71,71,71,71,71],"relic_stats":{"Darkstone Periapt":0,"Bottled Flame":"FTL","counters":[11,36],"Mummified Hand":[6],"obtain_stats":[{"Darkstone Periapt":9,"Bottled Flame":6,"Mummified Hand":12,"Cracked Core":0},{"Darkstone Periapt":6,"Bottled Flame":5,"Mummified Hand":8,"Cracked Core":0},{"Darkstone Periapt":20,"Bottled Flame":17,"Mummified Hand":27,"Cracked Core":0}]},"card_choices":[{"not_picked":["All For One","Thunder Strike"],"picked":"Core Surge","floor":0.0},{"not_picked":["Beam Cell","Hello World"],"picked":"Barrage","floor":1.0},{"not_picked":["Steam","Force Field"],"picked":"FTL","floor":2.0},{"not_picked":["Reprogram","Stack","Turbo"],"picked":"SKIP","floor":4},{"not_picked":["Turbo","Conserve Battery"],"picked":"Sweeping Beam","floor":5},{"not_picked":["Compile Driver","Leap"],"picked":"Static Discharge","floor":6},{"not_picked":["Defragment","Tempest"],"picked":"Leap","floor":7},{"not_picked":["Scrape","Turbo"],"picked":"Cold Snap","floor":11},{"not_picked":["Coolheaded","Streamline"],"picked":"Capacitor","floor":12},{"not_picked":["BootSequence","Steam"],"picked":"White Noise","floor":13},{"not_picked":["Barrage","White Noise"],"picked":"Reinforced Body","floor":14}],"player_experience":5232069,"relics_obtained":[{"floor":6,"key":"Bottled Flame"},{"floor":9,"key":"Darkstone Periapt"},{"floor":12,"key":"Mummified Hand"}],"event_choices":[{"damage_healed":0,"gold_gain":0,"player_choice":"1 cards matched","damage_taken":0,"max_hp_gain":0,"max_hp_loss":0,"event_name":"Match and Keep!","floor":3,"gold_loss":0,"cards_obtained":["Defragment"]}],"is_beta":false,"boss_relics":[],"items_purged_floors":[],"is_endless":false,"potions_floor_spawned":[2,11,12,14],"killed_by":"The Guardian","ascension_level":15}