{"gold_per_floor":[111,123,123,136,154,154,184,184,184,184,201,201,214,230,230,304,304,314,333,349,399,417,417,417],"floor_reached":24,"playtime":761,"items_purged":[],"score":354,"play_id":"6142e58a-195d-4542-aef1-ff5a81effd80","local_time":"20220902131143","is_ascension_mode":true,"campfire_choices":[{"data":"Doom and Gloom","floor":6,"key":"SMITH"},{"data":"Defragment","floor":8,"key":"SMITH"},{"data":"Rainbow","floor":12,"key":"SMITH"},{"data":"Sweeping Beam","floor":15,"key":"SMITH"},{"floor":23,"key":"REST"}],"neow_cost":"NONE","seed_source_timestamp":105134365739200,"circlet_count":0,"master_deck":["AscendersBane","Strike_B","Strike_B","Strike_B","Strike_B","Defend_B","Defend_B","Defend_B","Defend_B","Zap","Dualcast","Steam","Defragment+1","Doom and Gloom+1","Sweeping Beam+1","Go for the Eyes","Decay","Rainbow+1","Cold Snap","Ball Lightning","Echo Form","Ball Lightning","Ball Lightning+1","Compile Driver"],"relics":["Cracked Core","Question Card","Sundial","Snecko Eye"],"potions_floor_usage":[7,16,18,20],"damage_taken":[{"damage":2,"enemies":"Jaw Worm","floor":1,"turns":3},{"damage":0,"enemies":"Small Slimes","floor":2,"turns":3},{"damage":0,"enemies":"Cultist","floor":4,"turns":3},{"damage":3,"enemies":"3 Louse","floor":5,"turns":4},{"damage":14,"enemies":"Lagavulin","floor":7,"turns":7},{"damage":6,"enemies":"Looter","floor":11,"turns":3},{"damage":2,"enemies":"Exordium Thugs","floor":13,"turns":4},{"damage":16,"enemies":"3 Louse","floor":14,"turns":3},{"damage":9,"enemies":"Slime Boss","floor":16,"turns":8},{"damage":6,"enemies":"3 Byrds","floor":18,"turns":4},{"damage":0,"enemies":"Spheric Guardian","floor":19,"turns":3},{"damage":24,"enemies":"Snake Plant","floor":20,"turns":3},{"damage":9,"enemies":"Centurion and Healer","floor":22,"turns":6},{"damage":53,"enemies":"Gremlin Leader","floor":24,"turns":4}],"seed_played":"-1452893787925541128","potions_obtained":[{"floor":1,"key":"DistilledChaos"},{"floor":2,"key":"SpeedPotion"},{"floor":11,"key":"LiquidBronze"},{"floor":14,"key":"LiquidMemories"},{"floor":16,"key":"DistilledChaos"},{"floor":18,"key":"ColorlessPotion"}],"is_trial":false,"path_per_floor":["M","M","?","M","M","R","E","R","T","?","M","R","M","M","R","B",null,"M","M","M","?","M","R","E"],"character_chosen":"DEFECT","items_purchased":[],"campfire_rested":1,"item_purchase_floors":[],"current_hp_per_floor":[69,69,69,69,66,66,52,52,52,52,46,46,44,28,28,19,63,57,57,33,33,24,47,0],"gold":417,"neow_bonus":"TEN_PERCENT_HP_BONUS","is_prod":false,"is_daily":false,"chose_seed":false,"campfire_upgraded":4,"win_rate":0,"timestamp":1662149503,"path_taken":["M","M","?","M","M","R","E","R","T","?","M","R","M","?","R","BOSS","M","M","M","?","M","R","E"],"build_version":"2022-03-07","purchased_purges":0,"victory":false,"max_hp_per_floor":[78,78,78,78,78,78,78,78,78,78,78,78,78,78,78,78,78,78,78,78,78,78,78,78],"relic_stats":{"counters":[14,58],"Sundial":[4],"Snecko Eye":[30,38,36,29,-55],"Question Card":8,"obtain_stats":[{"Sundial":9,"Snecko Eye":17,"Cracked Core":0,"Question Card":7},{"Sundial":5,"Snecko Eye":9,"Cracked Core":0,"Question Card":5},{"Sundial":20,"Snecko Eye":38,"Cracked Core":0,"Question Card":20}]},"card_choices":[{"not_picked":["Storm","White Noise"],"picked":"Steam","floor":1},{"not_picked":["Heatsinks","Steam"],"picked":"Defragment","floor":2},{"not_picked":["Sweeping Beam","Barrage"],"picked":"Doom and Gloom","floor":4},{"not_picked":["Conserve Battery","Fusion"],"picked":"Sweeping Beam","floor":5},{"not_picked":["Fusion","Rebound"],"picked":"Go for the Eyes","floor":7},{"not_picked":["Force Field","Conserve Battery","Undo"],"picked":"Rainbow","floor":11},{"not_picked":["Coolheaded","Go for the Eyes","Redo"],"picked":"Cold Snap","floor":13},{"not_picked":["Leap","Redo","Sweeping Beam"],"picked":"Ball Lightning","floor":14},{"not_picked":["Core Surge","Multi-Cast","Buffer"],"picked":"Echo Form","floor":16},{"not_picked":["Chaos","Rebound","Aggregate"],"picked":"Ball Lightning","floor":18},{"not_picked":["Storm","Hologram","FTL"],"picked":"Ball Lightning+1","floor":19},{"not_picked":["Rip and Tear","Cold Snap","Tempest","Skim"],"picked":"SKIP","floor":20},{"not_picked":["Gash","Go for the Eyes","Streamline"],"picked":"Compile Driver","floor":22}],"player_experience":5264291,"relics_obtained":[{"floor":7,"key":"Question Card"},{"floor":9,"key":"Sundial"}],"event_choices":[{"damage_healed":0,"gold_gain":0,"player_choice":"Ignored","damage_taken":0,"max_hp_gain":0,"max_hp_loss":0,"event_name":"Golden Wing","floor":3,"gold_loss":0},{"damage_healed":0,"gold_gain":0,"player_choice":"Cursed","damage_taken":0,"max_hp_gain":0,"max_hp_loss":0,"event_name":"Wheel of Change","floor":10,"gold_loss":0,"cards_obtained":["Decay"]},{"damage_healed":0,"gold_gain":50,"player_choice":"Stole From Cult","damage_taken":0,"max_hp_gain":0,"max_hp_loss":0,"event_name":"Nest","floor":21,"gold_loss":0}],"is_beta":false,"boss_relics":[{"not_picked":["Empty Cage","Tiny House"],"picked":"Snecko Eye"}],"items_purged_floors":[],"is_endless":false,"potions_floor_spawned":[1,2,11,14,16,18,19],"killed_by":"Gremlin Leader","ascension_level":15}