{"gold_per_floor":[211,224,303,320,336,336,364,381,408,74,87,237,261,293,293,364,364,383,403,453,62,9,9,19,46,120,120,150,35,35,50,50,122,122,140,140,157,182,182,216,230,264,264,264,264,279,306,56,56,56],"floor_reached":51,"playtime":2236,"items_purged":["Strike_B","Strike_B","Strike_B"],"score":1433,"play_id":"35c9a7d0-24e8-4fa9-8720-34c9b0e49966","local_time":"20220831215352","is_ascension_mode":true,"campfire_choices":[{"data":"Streamline","floor":6.0,"key":"SMITH"},{"data":"Go for the Eyes","floor":15.0,"key":"SMITH"},{"data":"Self Repair","floor":23.0,"key":"SMITH"},{"data":"Capacitor","floor":27.0,"key":"SMITH"},{"data":"Consume","floor":30.0,"key":"SMITH"},{"data":"Echo Form","floor":32.0,"key":"SMITH"},{"data":"Discovery","floor":44,"key":"SMITH"},{"data":"Glacier","floor":49,"key":"SMITH"}],"neow_cost":"NONE","seed_source_timestamp":334185247432000,"circlet_count":0,"master_deck":["AscendersBane","Strike_B","Defend_B","Defend_B","Defend_B+1","Defend_B","Zap","Dualcast","Streamline+1","Self Repair+1","Go for the Eyes+1","Ball Lightning","Genetic Algorithm+1","Ball Lightning+1","Cold Snap","Steam","Ball Lightning","Echo Form+1","Consume+1","Capacitor+1","Core Surge","Glacier+1","Leap","Barrage+1","Fusion+1","Amplify","Genetic Algorithm+1","Compile Driver","Discovery+1","Recycle+1","Glacier+1","Coolheaded+1","Leap+1"],"special_seed":0,"relics":["Cracked Core","The Courier","Bag of Marbles","Bag of Preparation","Omamori","MealTicket","PreservedInsect","Coffee Dripper","Art of War","Orrery","Oddly Smooth Stone","War Paint","Shuriken","Toy Ornithopter","Anchor","Calling Bell","Strawberry","Singing Bowl","Mango","Pocketwatch","Whetstone","Bronze Scales","Smiling Mask","Vajra","Happy Flower"],"potions_floor_usage":[38,42,50,50,50,50],"damage_taken":[{"damage":7.0,"enemies":"Jaw Worm","floor":1.0,"turns":3.0},{"damage":0.0,"enemies":"2 Louse","floor":2.0,"turns":2.0},{"damage":7.0,"enemies":"Small Slimes","floor":4.0,"turns":3.0},{"damage":13.0,"enemies":"Red Slaver","floor":5.0,"turns":3.0},{"damage":27.0,"enemies":"3 Sentries","floor":7.0,"turns":5.0},{"damage":22.0,"enemies":"Exordium Thugs","floor":8.0,"turns":4.0},{"damage":7.0,"enemies":"3 Louse","floor":11.0,"turns":3.0},{"damage":2.0,"enemies":"Lagavulin","floor":14.0,"turns":4.0},{"damage":8.0,"enemies":"Slime Boss","floor":16.0,"turns":8.0},{"damage":12.0,"enemies":"3 Byrds","floor":18.0,"turns":5.0},{"damage":6.0,"enemies":"Chosen","floor":19.0,"turns":4.0},{"damage":6.0,"enemies":"Shelled Parasite and Fungi","floor":24.0,"turns":6.0},{"damage":10.0,"enemies":"Slavers","floor":25.0,"turns":4.0},{"damage":5.0,"enemies":"Gremlin Leader","floor":28.0,"turns":5.0},{"damage":14.0,"enemies":"3 Cultists","floor":31.0,"turns":7.0},{"damage":40.0,"enemies":"Collector","floor":33.0,"turns":8.0},{"damage":3.0,"enemies":"3 Shapes","floor":35.0,"turns":6.0},{"damage":6.0,"enemies":"Orb Walker","floor":37.0,"turns":4.0},{"damage":8,"enemies":"Mind Bloom Boss Battle","floor":38,"turns":9},{"damage":9,"enemies":"Reptomancer","floor":40,"turns":9},{"damage":15,"enemies":"Maw","floor":41,"turns":8},{"damage":41,"enemies":"Giant Head","floor":42,"turns":8},{"damage":15,"enemies":"Sphere and 2 Shapes","floor":46,"turns":6},{"damage":35,"enemies":"Reptomancer","floor":47,"turns":7},{"damage":42,"enemies":"Donu and Deca","floor":50,"turns":14}],"seed_played":"-2695359098067164857","potions_obtained":[{"floor":2.0,"key":"Explosive Potion"},{"floor":7.0,"key":"PowerPotion"},{"floor":8.0,"key":"SkillPotion"},{"floor":16.0,"key":"EssenceOfSteel"},{"floor":18.0,"key":"SpeedPotion"},{"floor":19.0,"key":"Explosive Potion"},{"floor":37,"key":"Swift Potion"},{"floor":38,"key":"FearPotion"},{"floor":40,"key":"GamblersBrew"}],"is_trial":false,"path_per_floor":["M","M","?","M","M","R","E","M","T","$","M","?","T","E","R","B",null,"M","M","?","$","?","R","M","E","T","R","E","$","R","M","R","B",null,"M","?","M","?","?","E","M","E","T","R","?","M","E","$","R","B",null],"character_chosen":"DEFECT","items_purchased":["Bag of Preparation","Cold Snap","Omamori","Capacitor","Art of War","Orrery","Anchor","Happy Flower","EntropicBrew"],"campfire_rested":0,"item_purchase_floors":[10,10,10,21,21,21,29,48,48],"current_hp_per_floor":[57,57,57,57,51,51,31,16,16,16,16,16,16,21,21,20,58,53,54,54,69,69,69,71,71,71,71,66,71,71,67,67,37,84,93,93,94,96,90,91,96,80,80,80,80,65,42,57,57,45],"gold":56,"neow_bonus":"HUNDRED_GOLD","is_prod":false,"is_daily":false,"chose_seed":false,"campfire_upgraded":8,"win_rate":0,"timestamp":1662008032,"path_taken":["M","M","?","M","M","R","E","M","T","$","M","?","?","E","R","BOSS","M","M","?","$","?","R","M","E","T","R","E","$","R","M","R","BOSS","M","?","M","?","?","E","M","E","T","R","?","M","E","$","R","BOSS"],"build_version":"2022-03-07","purchased_purges":3,"victory":true,"max_hp_per_floor":[71,71,71,71,71,71,71,71,71,71,71,71,71,71,71,71,71,71,71,71,71,71,71,71,71,71,71,71,71,71,71,71,71,92,94,94,94,96,100,100,100,100,100,100,100,100,102,102,102,102],"relic_stats":{"Singing Bowl":10,"Happy Flower":[4],"counters":[25,145],"The Courier":285,"PreservedInsect":341,"Bag of Preparation":[38],"Omamori":2,"Whetstone":["Barrage","Ball Lightning"],"War Paint":["Genetic Algorithm","Defend_B"],"Smiling Mask":50,"Shuriken":[31],"Bronze Scales":[66],"MealTicket":35,"Art of War":[17],"obtain_stats":[{"Singing Bowl":34,"Vajra":47,"Mango":34,"Bag of Preparation":10,"Whetstone":40,"Smiling Mask":43,"Strawberry":34,"MealTicket":13,"Cracked Core":0,"Happy Flower":48,"Oddly Smooth Stone":22,"The Courier":7,"PreservedInsect":14,"Omamori":10,"War Paint":25,"Calling Bell":34,"Anchor":29,"Shuriken":26,"Bronze Scales":42,"Orrery":21,"Bag of Marbles":9,"Coffee Dripper":17,"Art of War":21,"Toy Ornithopter":28,"Pocketwatch":38},{"Singing Bowl":16,"Vajra":24,"Mango":16,"Bag of Preparation":6,"Whetstone":20,"Smiling Mask":22,"Strawberry":16,"MealTicket":7,"Cracked Core":0,"Happy Flower":24,"Oddly Smooth Stone":11,"The Courier":5,"PreservedInsect":8,"Omamori":6,"War Paint":13,"Calling Bell":16,"Anchor":14,"Shuriken":13,"Bronze Scales":22,"Orrery":11,"Bag of Marbles":6,"Coffee Dripper":9,"Art of War":11,"Toy Ornithopter":14,"Pocketwatch":19},{"Singing Bowl":74,"Vajra":131,"Mango":74,"Bag of Preparation":20,"Whetstone":102,"Smiling Mask":118,"Strawberry":74,"MealTicket":23,"Cracked Core":0,"Happy Flower":131,"Oddly Smooth Stone":44,"The Courier":16,"PreservedInsect":27,"Omamori":20,"War Paint":54,"Calling Bell":74,"Anchor":59,"Shuriken":54,"Bronze Scales":118,"Orrery":44,"Bag of Marbles":20,"Coffee Dripper":35,"Art of War":44,"Toy Ornithopter":59,"Pocketwatch":93}],"Toy Ornithopter":25,"Pocketwatch":[60]},"card_choices":[{"not_picked":["Reprogram","Beam Cell"],"picked":"Streamline","floor":1.0},{"not_picked":["Static Discharge","Reinforced Body"],"picked":"Self Repair","floor":2.0},{"not_picked":["Barrage","Redo"],"picked":"Go for the Eyes","floor":4.0},{"not_picked":["Go for the Eyes","Static Discharge"],"picked":"Ball Lightning","floor":5.0},{"not_picked":["Reinforced Body","Redo"],"picked":"Genetic Algorithm","floor":7.0},{"not_picked":["Rebound","Sunder"],"picked":"Ball Lightning","floor":8.0},{"not_picked":["Darkness","Consume"],"picked":"Steam","floor":11.0},{"not_picked":["Rebound","Blizzard"],"picked":"Ball Lightning","floor":14.0},{"not_picked":["Buffer","Fission"],"picked":"Echo Form","floor":16.0},{"not_picked":["Redo","Rebound","BootSequence"],"picked":"SKIP","floor":18.0},{"not_picked":["Rebound","Go for the Eyes"],"picked":"Consume","floor":19.0},{"not_picked":["Chaos","Reprogram"],"picked":"Core Surge","floor":21.0},{"not_picked":["Undo","Go for the Eyes+1"],"picked":"Glacier","floor":21.0},{"not_picked":["Conserve Battery","Rebound"],"picked":"Leap","floor":21.0},{"not_picked":["Ball Lightning","Leap","Turbo"],"picked":"SKIP","floor":24.0},{"not_picked":["Redo","Aggregate"],"picked":"Barrage","floor":25.0},{"not_picked":["Conserve Battery","Scrape","Storm+1"],"picked":"SKIP","floor":28.0},{"not_picked":["Streamline","Redo"],"picked":"Fusion+1","floor":31.0},{"not_picked":["Core Surge","All For One"],"picked":"Amplify","floor":33.0},{"not_picked":["Aggregate+1","Barrage","Cold Snap"],"picked":"Singing Bowl","floor":35.0},{"not_picked":["Conserve Battery","Blizzard"],"picked":"Compile Driver","floor":37},{"not_picked":["Hologram","Aggregate+1","Consume"],"picked":"Singing Bowl","floor":38},{"not_picked":["Mind Blast","Dramatic Entrance"],"picked":"Discovery","floor":39},{"not_picked":["Dramatic Entrance","Bandage Up","Discovery"],"picked":"Singing Bowl","floor":39},{"not_picked":["Madness","PanicButton","Jack Of All Trades"],"picked":"Singing Bowl","floor":39},{"not_picked":["Turbo","Stack"],"picked":"Recycle+1","floor":40},{"not_picked":["Beam Cell","Consume"],"picked":"Glacier+1","floor":41},{"not_picked":["Streamline","Melter"],"picked":"Coolheaded+1","floor":42},{"not_picked":["Hologram","Auto Shields+1"],"picked":"Leap+1","floor":46},{"not_picked":["Steam Power+1","Hello World","Hyperbeam"],"picked":"Singing Bowl","floor":47}],"player_experience":5257410,"relics_obtained":[{"floor":7.0,"key":"The Courier"},{"floor":9.0,"key":"Bag of Marbles"},{"floor":13.0,"key":"MealTicket"},{"floor":14.0,"key":"PreservedInsect"},{"floor":25.0,"key":"War Paint"},{"floor":26.0,"key":"Shuriken"},{"floor":28.0,"key":"Toy Ornithopter"},{"floor":34.0,"key":"Strawberry"},{"floor":34.0,"key":"Singing Bowl"},{"floor":34.0,"key":"Mango"},{"floor":38,"key":"Pocketwatch"},{"floor":40,"key":"Whetstone"},{"floor":42,"key":"Bronze Scales"},{"floor":43,"key":"Smiling Mask"},{"floor":47,"key":"Vajra"}],"event_choices":[{"damage_healed":0.0,"max_hp_gain":0.0,"max_hp_loss":0.0,"gold_gain":79.0,"event_name":"Golden Wing","player_choice":"Gained Gold","floor":3.0,"gold_loss":0.0,"damage_taken":0.0},{"damage_healed":0.0,"max_hp_gain":0.0,"max_hp_loss":0.0,"gold_gain":150.0,"event_name":"Liars Game","player_choice":"AGREE","floor":12.0,"gold_loss":0.0,"damage_taken":0.0,"cards_obtained":["Doubt"]},{"damage_healed":0.0,"max_hp_gain":0.0,"max_hp_loss":0.0,"gold_gain":50.0,"event_name":"Nest","player_choice":"Stole From Cult","floor":20.0,"gold_loss":0.0,"damage_taken":0.0},{"damage_healed":0.0,"max_hp_gain":0.0,"max_hp_loss":0.0,"gold_gain":0.0,"event_name":"WeMeetAgain","player_choice":"Paid Gold","floor":22.0,"gold_loss":53.0,"damage_taken":0.0,"relics_obtained":["Oddly Smooth Stone"]},{"damage_healed":0.0,"max_hp_gain":0.0,"max_hp_loss":0.0,"gold_gain":0.0,"event_name":"Duplicator","player_choice":"Copied","floor":36.0,"gold_loss":0.0,"damage_taken":0.0,"cards_obtained":["Genetic Algorithm"]},{"damage_healed":0,"gold_gain":0,"player_choice":"Fight","damage_taken":0,"max_hp_gain":0,"max_hp_loss":0,"event_name":"MindBloom","floor":38,"gold_loss":0},{"damage_healed":0,"gold_gain":0,"player_choice":"Memory 3","damage_taken":10,"max_hp_gain":0,"max_hp_loss":0,"event_name":"SensoryStone","floor":39,"gold_loss":0},{"damage_healed":0,"gold_gain":0,"player_choice":"0 cards matched","damage_taken":0,"max_hp_gain":0,"max_hp_loss":0,"event_name":"Match and Keep!","floor":45,"gold_loss":0,"cards_obtained":[]}],"is_beta":false,"boss_relics":[{"not_picked":["Snecko Eye","Astrolabe"],"picked":"Coffee Dripper"},{"not_picked":["Tiny House","Inserter"],"picked":"Calling Bell"}],"items_purged_floors":[10,21,48],"is_endless":false,"potions_floor_spawned":[2,7,8,16,18,19,37,38,40],"ascension_level":15}