{"gold_per_floor":[109,120,39,59,75,107,125,125,125,137,137,162,312,237,237,311,311,328,328,343,354,131,161,180,180],"floor_reached":25,"playtime":822,"items_purged":["Strike_B"],"score":411,"play_id":"6876ae2f-6c5c-4fc7-8766-8155a13cabce","local_time":"20220913161909","is_ascension_mode":true,"campfire_choices":[{"floor":8.0,"key":"REST"},{"data":"Defragment","floor":11.0,"key":"SMITH"},{"data":"Loop","floor":15.0,"key":"SMITH"}],"neow_cost":"NONE","seed_source_timestamp":30315556983300,"circlet_count":0,"master_deck":["AscendersBane","Strike_B","Strike_B","Defend_B","Defend_B","Defend_B","Defend_B","Zap+1","Dualcast","Rip and Tear","Doom and Gloom","Barrage","Sweeping Beam","Defragment+1","Leap","Loop+1","Core Surge","Coolheaded","Hologram","Force Field","Undo","Rebound+1"],"special_seed":0,"relics":["Cracked Core","Ancient Tea Set","Meat on the Bone","Omamori","Nuclear Battery","CultistMask","PreservedInsect","InkBottle"],"potions_floor_usage":[],"damage_taken":[{"damage":1.0,"enemies":"Cultist","floor":1.0,"turns":3.0},{"damage":4.0,"enemies":"Small Slimes","floor":2.0,"turns":3.0},{"damage":7.0,"enemies":"Jaw Worm","floor":4.0,"turns":3.0},{"damage":16.0,"enemies":"Blue Slaver","floor":5.0,"turns":3.0},{"damage":20.0,"enemies":"Lagavulin","floor":6.0,"turns":7.0},{"damage":9.0,"enemies":"Red Slaver","floor":7.0,"turns":3.0},{"damage":8.0,"enemies":"Lots of Slimes","floor":10.0,"turns":3.0},{"damage":11.0,"enemies":"3 Sentries","floor":12.0,"turns":4.0},{"damage":16.0,"enemies":"Hexaghost","floor":16.0,"turns":7.0},{"damage":18.0,"enemies":"Spheric Guardian","floor":18.0,"turns":4.0},{"damage":22.0,"enemies":"2 Thieves","floor":20.0,"turns":4.0},{"damage":24.0,"enemies":"Shelled Parasite and Fungi","floor":21.0,"turns":8.0},{"damage":11.0,"enemies":"Gremlin Leader","floor":23.0,"turns":6.0},{"damage":11,"enemies":"Snecko","floor":24,"turns":6},{"damage":24,"enemies":"Book of Stabbing","floor":25,"turns":4}],"seed_played":"4516954285929789174","potions_obtained":[{"floor":1.0,"key":"LiquidBronze"},{"floor":5.0,"key":"Energy Potion"},{"floor":7.0,"key":"FocusPotion"},{"floor":10.0,"key":"Energy Potion"},{"floor":18.0,"key":"EssenceOfSteel"},{"floor":21.0,"key":"BlessingOfTheForge"}],"is_trial":false,"path_per_floor":["M","M","$","M","M","E","M","R","T","M","R","E","?","?","R","B",null,"M","?","M","M","$","E","M","E"],"character_chosen":"DEFECT","items_purchased":["Doom and Gloom","PreservedInsect"],"campfire_rested":1,"item_purchase_floors":[3,22],"current_hp_per_floor":[63,59,59,52,36,16,7,28,28,32,32,33,33,33,33,29,61,43,43,33,21,21,22,23,0],"gold":180,"neow_bonus":"UPGRADE_CARD","is_prod":false,"is_daily":false,"chose_seed":false,"campfire_upgraded":2,"win_rate":0,"timestamp":1663111149,"path_taken":["M","M","$","M","M","E","M","R","T","?","R","E","?","?","R","BOSS","M","?","?","?","$","E","M","E"],"build_version":"2022-03-07","purchased_purges":1,"victory":false,"max_hp_per_floor":[71,71,71,71,71,71,71,71,71,71,71,71,71,71,71,71,71,71,71,71,71,71,71,71,71],"relic_stats":{"counters":[15,68],"PreservedInsect":91,"Omamori":1,"Ancient Tea Set":[6],"obtain_stats":[{"CultistMask":19,"PreservedInsect":22,"Omamori":12,"Cracked Core":0,"Ancient Tea Set":6,"InkBottle":23,"Meat on the Bone":9,"Nuclear Battery":17},{"CultistMask":10,"PreservedInsect":12,"Omamori":8,"Cracked Core":0,"Ancient Tea Set":5,"InkBottle":13,"Meat on the Bone":6,"Nuclear Battery":9},{"CultistMask":40,"PreservedInsect":52,"Omamori":29,"Cracked Core":0,"Ancient Tea Set":19,"InkBottle":58,"Meat on the Bone":22,"Nuclear Battery":36}],"InkBottle":[3],"Meat on the Bone":84},"card_choices":[{"not_picked":["Redo","Storm","Steam Power"],"picked":"SKIP","floor":1.0},{"not_picked":["FTL","Leap"],"picked":"Rip and Tear","floor":2.0},{"not_picked":["Self Repair","Redo"],"picked":"Barrage","floor":4.0},{"not_picked":["Steam Power","Rip and Tear"],"picked":"Sweeping Beam","floor":5.0},{"not_picked":["All For One","Leap"],"picked":"Defragment","floor":6.0},{"not_picked":["Steam","Beam Cell"],"picked":"Leap","floor":7.0},{"not_picked":["Storm","Steam Power","Stack"],"picked":"SKIP","floor":10.0},{"not_picked":["Consume","Sweeping Beam"],"picked":"Loop","floor":12.0},{"not_picked":["Hyperbeam","Reboot"],"picked":"Core Surge","floor":16.0},{"not_picked":["Stack","Barrage"],"picked":"Coolheaded","floor":18.0},{"not_picked":["Go for the Eyes","Static Discharge"],"picked":"Hologram","floor":20.0},{"not_picked":["Compile Driver","Beam Cell"],"picked":"Force Field","floor":21.0},{"not_picked":["Core Surge","Double Energy"],"picked":"Undo","floor":23.0},{"not_picked":["Loop","Gash"],"picked":"Rebound+1","floor":24}],"player_experience":5277744,"relics_obtained":[{"floor":6.0,"key":"Ancient Tea Set"},{"floor":9.0,"key":"Meat on the Bone"},{"floor":12.0,"key":"Omamori"},{"floor":23.0,"key":"InkBottle"}],"event_choices":[{"damage_healed":0.0,"max_hp_gain":0.0,"max_hp_loss":0.0,"gold_gain":150.0,"event_name":"Liars Game","player_choice":"AGREE","floor":13.0,"gold_loss":0.0,"damage_taken":0.0,"cards_obtained":["Doubt"]},{"cards_removed":["Strike_B"],"damage_healed":0.0,"max_hp_gain":0.0,"max_hp_loss":0.0,"gold_gain":0.0,"event_name":"The Cleric","player_choice":"Card Removal","floor":14.0,"gold_loss":75.0,"damage_taken":0.0},{"damage_healed":0.0,"max_hp_gain":0.0,"max_hp_loss":0.0,"gold_gain":0.0,"event_name":"FaceTrader","player_choice":"Trade","floor":19.0,"gold_loss":0.0,"damage_taken":0.0,"relics_obtained":["CultistMask"]}],"is_beta":false,"boss_relics":[{"not_picked":["FrozenCore","Cursed Key"],"picked":"Nuclear Battery"}],"items_purged_floors":[22],"is_endless":false,"potions_floor_spawned":[1,5,7,10,18,21],"killed_by":"Book of Stabbing","ascension_level":15}