{"gold_per_floor":[14,25,25,43,43,77,77,96,120,145,163,182,214,230,230,304,304,314,314,325,110,160,189,189,205,260,276,276,303,314,348,360,450,462,490,175,188,41,56,387,5,34,59,93,112,112,112,124,124,124],"floor_reached":51,"playtime":2430,"items_purged":["Strike_B","Strike_B","Strike_B"],"score":1508,"play_id":"489b5038-1c14-46e5-bbf9-947daeb148ab","local_time":"20221003224040","is_ascension_mode":true,"campfire_choices":[{"data":"Glacier","floor":7.0,"key":"SMITH"},{"data":"Go for the Eyes","floor":15.0,"key":"SMITH"},{"floor":24.0,"key":"REST"},{"floor":28.0,"key":"REST"},{"data":"Biased Cognition","floor":32,"key":"SMITH"},{"data":"Capacitor","floor":46,"key":"SMITH"},{"data":"Defragment","floor":49,"key":"SMITH"}],"neow_cost":"NO_GOLD","seed_source_timestamp":50649370810200,"circlet_count":0,"master_deck":["AscendersBane","Strike_B","Defend_B","Defend_B","Defend_B","Defend_B","Zap","Dualcast","Gash+1","Glacier+1","Core Surge","Go for the Eyes+1","Coolheaded","Gash","Conserve Battery","Compile Driver","Echo Form","Scrape+1","Gash+1","Biased Cognition+1","Ball Lightning+1","Cold Snap+1","Sweeping Beam+1","Chill","Buffer","Capacitor+1","Undo","Steam+1","Glacier+1","Hologram","Defragment+1","Turbo+1"],"special_seed":0,"relics":["Cracked Core","Ginger","Centennial Puzzle","DataDisk","Bronze Scales","MealTicket","Strawberry","Nuclear Battery","Calipers","PreservedInsect","Gremlin Horn","MawBank","Runic Pyramid","Bag of Preparation","ClockworkSouvenir","Old Coin","OrangePellets","The Courier","Whetstone","Molten Egg 2"],"potions_floor_usage":[35,40,50,50],"damage_taken":[{"damage":1.0,"enemies":"Cultist","floor":1.0,"turns":3.0},{"damage":7.0,"enemies":"Small Slimes","floor":2.0,"turns":3.0},{"damage":1.0,"enemies":"2 Louse","floor":4.0,"turns":3.0},{"damage":19.0,"enemies":"Lagavulin","floor":6.0,"turns":10.0},{"damage":1.0,"enemies":"Exordium Thugs","floor":8.0,"turns":4.0},{"damage":18.0,"enemies":"3 Sentries","floor":10.0,"turns":6.0},{"damage":7.0,"enemies":"Lots of Slimes","floor":11.0,"turns":3.0},{"damage":0.0,"enemies":"2 Fungi Beasts","floor":12.0,"turns":3.0},{"damage":9.0,"enemies":"Lagavulin","floor":13.0,"turns":7.0},{"damage":1.0,"enemies":"3 Louse","floor":14.0,"turns":3.0},{"damage":3.0,"enemies":"The Guardian","floor":16.0,"turns":12.0},{"damage":1.0,"enemies":"3 Byrds","floor":18.0,"turns":3.0},{"damage":9.0,"enemies":"Spheric Guardian","floor":20.0,"turns":4.0},{"damage":11.0,"enemies":"Book of Stabbing","floor":23.0,"turns":5.0},{"damage":0.0,"enemies":"3 Cultists","floor":25.0,"turns":6.0},{"damage":21.0,"enemies":"Snake Plant","floor":27.0,"turns":3.0},{"damage":7.0,"enemies":"Slavers","floor":29.0,"turns":3.0},{"damage":6.0,"enemies":"Cultist and Chosen","floor":30.0,"turns":5.0},{"damage":6,"enemies":"Gremlin Leader","floor":31,"turns":5},{"damage":27,"enemies":"Champ","floor":33,"turns":11},{"damage":0,"enemies":"3 Darklings","floor":35,"turns":4},{"damage":0,"enemies":"Orb Walker","floor":37,"turns":3},{"damage":0,"enemies":"4 Shapes","floor":39,"turns":7},{"damage":13,"enemies":"Nemesis","floor":40,"turns":5},{"damage":0,"enemies":"Reptomancer","floor":42,"turns":7},{"damage":0,"enemies":"Giant Head","floor":44,"turns":10},{"damage":0,"enemies":"Transient","floor":45,"turns":5},{"damage":0,"enemies":"3 Darklings","floor":48,"turns":5},{"damage":8,"enemies":"Time Eater","floor":50,"turns":11}],"seed_played":"-4449019952142738786","potions_obtained":[{"floor":1.0,"key":"Regen Potion"},{"floor":2.0,"key":"Fruit Juice"},{"floor":11.0,"key":"Explosive Potion"},{"floor":12.0,"key":"Regen Potion"},{"floor":16.0,"key":"CultistPotion"},{"floor":29.0,"key":"Energy Potion"},{"floor":31,"key":"DistilledChaos"},{"floor":35,"key":"SmokeBomb"},{"floor":37,"key":"SkillPotion"},{"floor":45,"key":"FocusPotion"}],"is_trial":false,"path_per_floor":["M","M","?","M","?","E","R","M","T","E","M","M","E","M","R","B",null,"M","?","M","$","?","E","R","M","T","M","R","E","M","E","R","B",null,"M","$","M","$","M","E","$","E","T","E","M","R","?","M","R","B",null],"character_chosen":"DEFECT","items_purchased":["Biased Cognition","Bag of Preparation","Capacitor","ClockworkSouvenir","Hologram","OrangePellets","SteroidPotion"],"campfire_rested":2,"item_purchase_floors":[21,36,36,38,41,41,41],"current_hp_per_floor":[63,56,56,55,44,40,40,39,39,21,14,19,32,31,31,28,69,68,44,35,50,50,39,65,65,65,44,70,63,57,51,51,24,72,72,87,87,88,88,75,88,88,88,88,88,88,84,84,84,76],"gold":124,"neow_bonus":"ONE_RARE_RELIC","is_prod":false,"is_daily":false,"chose_seed":false,"campfire_upgraded":5,"win_rate":0,"timestamp":1664862040,"path_taken":["M","M","?","M","?","E","R","M","T","E","M","M","E","M","R","BOSS","M","?","M","$","?","E","R","?","T","M","R","E","M","E","R","BOSS","M","?","?","$","M","E","$","E","T","E","M","R","?","M","R","BOSS"],"build_version":"2022-03-07","purchased_purges":3,"victory":true,"max_hp_per_floor":[71,71,71,71,71,71,71,71,71,71,71,76,83,83,83,83,83,83,88,88,88,88,88,88,88,88,88,88,88,88,88,88,88,88,88,88,88,88,88,88,88,88,88,88,88,88,84,84,84,84],"relic_stats":{"Calipers":[3130],"Gremlin Horn":[19,20],"counters":[29,159],"PreservedInsect":331,"The Courier":0,"Bag of Preparation":[16],"Ginger":[14],"Whetstone":["Gash","Cold Snap"],"MawBank":60,"OrangePellets":[3],"Centennial Puzzle":[51],"Bronze Scales":[434],"MealTicket":44,"obtain_stats":[{"Calipers":23,"Gremlin Horn":29,"PreservedInsect":26,"The Courier":42,"Bag of Preparation":36,"Ginger":0,"Whetstone":43,"MawBank":31,"Nuclear Battery":17,"ClockworkSouvenir":38,"Old Coin":40,"OrangePellets":41,"Centennial Puzzle":5,"DataDisk":6,"Bronze Scales":9,"Strawberry":13,"MealTicket":10,"Molten Egg 2":44,"Cracked Core":0,"Runic Pyramid":34},{"Calipers":14,"Gremlin Horn":17,"PreservedInsect":15,"The Courier":25,"Bag of Preparation":21,"Ginger":0,"Whetstone":25,"MawBank":19,"Nuclear Battery":11,"ClockworkSouvenir":22,"Old Coin":24,"OrangePellets":24,"Centennial Puzzle":3,"DataDisk":4,"Bronze Scales":5,"Strawberry":9,"MealTicket":6,"Molten Egg 2":26,"Cracked Core":0,"Runic Pyramid":20},{"Calipers":69,"Gremlin Horn":81,"PreservedInsect":75,"The Courier":128,"Bag of Preparation":106,"Ginger":0,"Whetstone":128,"MawBank":91,"Nuclear Battery":57,"ClockworkSouvenir":109,"Old Coin":121,"OrangePellets":121,"Centennial Puzzle":9,"DataDisk":19,"Bronze Scales":23,"Strawberry":42,"MealTicket":29,"Molten Egg 2":138,"Cracked Core":0,"Runic Pyramid":102}]},"card_choices":[{"not_picked":["Scrape","Steam Power","Stack"],"picked":"SKIP","floor":1.0},{"not_picked":["Beam Cell","Fusion"],"picked":"Gash","floor":2.0},{"not_picked":["Storm","Redo"],"picked":"Glacier","floor":4.0},{"not_picked":["Ball Lightning","Genetic Algorithm"],"picked":"Core Surge","floor":6.0},{"not_picked":["Sunder","Turbo"],"picked":"Go for the Eyes","floor":8.0},{"not_picked":["Turbo","Machine Learning"],"picked":"Coolheaded","floor":10.0},{"not_picked":["Auto Shields","Blizzard"],"picked":"Gash","floor":11.0},{"not_picked":["Lockon","Redo"],"picked":"Conserve Battery","floor":12.0},{"not_picked":["Sunder","Go for the Eyes"],"picked":"Compile Driver","floor":13.0},{"not_picked":["Chaos","Conserve Battery","Blizzard"],"picked":"SKIP","floor":14.0},{"not_picked":["Machine Learning","Buffer"],"picked":"Echo Form","floor":16.0},{"not_picked":["Go for the Eyes","Coolheaded"],"picked":"Scrape+1","floor":18.0},{"not_picked":["Rebound","Steam"],"picked":"Gash","floor":20.0},{"not_picked":["Tempest","Go for the Eyes"],"picked":"Ball Lightning+1","floor":23.0},{"not_picked":["Stack","Barrage"],"picked":"Cold Snap","floor":25.0},{"not_picked":["Barrage","Ball Lightning"],"picked":"Sweeping Beam+1","floor":27.0},{"not_picked":["Streamline","Sweeping Beam"],"picked":"Chill","floor":29.0},{"not_picked":["Rebound","Steam","Stack"],"picked":"SKIP","floor":30.0},{"not_picked":["Go for the Eyes","Barrage","Reprogram"],"picked":"SKIP","floor":31},{"not_picked":["Rainbow","Echo Form"],"picked":"Buffer","floor":33},{"not_picked":["Storm+1","Compile Driver+1","Reprogram"],"picked":"SKIP","floor":35},{"not_picked":["Ball Lightning","Barrage"],"picked":"Undo","floor":37},{"not_picked":["Redo+1","Barrage"],"picked":"Steam+1","floor":39},{"not_picked":["Reprogram+1","Gash"],"picked":"Glacier+1","floor":40},{"not_picked":["Echo Form","Cold Snap"],"picked":"Defragment","floor":42},{"not_picked":["Leap+1","Darkness"],"picked":"Turbo+1","floor":44},{"not_picked":["Cold Snap+1","Barrage+1","Compile Driver+1"],"picked":"SKIP","floor":45},{"not_picked":["Rebound+1","Storm+1","Doom and Gloom+1"],"picked":"SKIP","floor":48}],"player_experience":5284106,"relics_obtained":[{"floor":6.0,"key":"DataDisk"},{"floor":9.0,"key":"Bronze Scales"},{"floor":10.0,"key":"MealTicket"},{"floor":13.0,"key":"Strawberry"},{"floor":23.0,"key":"Calipers"},{"floor":26.0,"key":"PreservedInsect"},{"floor":29.0,"key":"Gremlin Horn"},{"floor":31,"key":"MawBank"},{"floor":40,"key":"Old Coin"},{"floor":42,"key":"The Courier"},{"floor":43,"key":"Whetstone"},{"floor":44,"key":"Molten Egg 2"}],"event_choices":[{"damage_healed":0.0,"max_hp_gain":0.0,"max_hp_loss":0.0,"gold_gain":0.0,"event_name":"Living Wall","player_choice":"Grow","floor":3.0,"gold_loss":0.0,"damage_taken":0.0,"cards_upgraded":["Gash"]},{"damage_healed":0.0,"max_hp_gain":0.0,"max_hp_loss":0.0,"gold_gain":0.0,"event_name":"Scrap Ooze","player_choice":"Success","floor":5.0,"gold_loss":0.0,"damage_taken":11.0,"relics_obtained":["Centennial Puzzle"]},{"damage_healed":0.0,"max_hp_gain":5.0,"max_hp_loss":0.0,"gold_gain":0.0,"event_name":"Forgotten Altar","player_choice":"Shed Blood","floor":19.0,"gold_loss":0.0,"damage_taken":29.0},{"damage_healed":0.0,"max_hp_gain":0.0,"max_hp_loss":0.0,"gold_gain":100.0,"event_name":"The Joust","player_choice":"Bet on Murderer","floor":22.0,"gold_loss":50.0,"damage_taken":0.0},{"damage_healed":0,"gold_gain":0,"player_choice":"Max HP","damage_taken":0,"max_hp_gain":0,"max_hp_loss":4,"event_name":"Winding Halls","floor":47,"gold_loss":0}],"is_beta":false,"boss_relics":[{"not_picked":["Cursed Key","Tiny House"],"picked":"Nuclear Battery"},{"not_picked":["FrozenCore","Philosopher\u0027s Stone"],"picked":"Runic Pyramid"}],"items_purged_floors":[21,36,41],"is_endless":false,"potions_floor_spawned":[1,2,11,12,16,18,29,31,33,35,37,45],"ascension_level":15}