{"gold_per_floor":[113,113,113,38,63,106,106,127,127,127,141,179,195,195,195,293,293,318,318,318,148,124,124,159,172,195,195,215,215,65,86,86,181,244,262,281,107,126,146,146],"floor_reached":40,"playtime":1763,"items_purged":["Shame","Zap"],"score":819,"play_id":"eacf2186-93f5-40d4-91f2-5422287fb2f7","local_time":"20221009152241","is_ascension_mode":true,"campfire_choices":[{"floor":7.0,"key":"REST"},{"data":"Streamline","floor":10.0,"key":"SMITH"},{"data":"Buffer","floor":15.0,"key":"SMITH"},{"data":"Turbo","floor":23.0,"key":"SMITH"},{"floor":29.0,"key":"REST"},{"data":"Rainbow","floor":32.0,"key":"SMITH"}],"neow_cost":"CURSE","seed_source_timestamp":10754333372600,"circlet_count":0,"master_deck":["AscendersBane","Strike_B+1","Strike_B+1","Defend_B+1","Defend_B+1","Defend_B+1","Defend_B+1","Dualcast","Streamline+1","Go for the Eyes","Buffer+1","Reinforced Body","Steam","Conserve Battery","Rainbow+1","Turbo+1","Heatsinks","Fission","Ball Lightning","Compile Driver","Skim","Conserve Battery+1","Rainbow+1","Barrage","Coolheaded","Echo Form","White Noise"],"special_seed":0,"relics":["Cracked Core","Mango","Golden Idol","Ice Cream","Eternal Feather","Shovel","Inserter","Lantern","Bottled Tornado","Toy Ornithopter","Tiny House"],"potions_floor_usage":[33,33,35,38,39,40],"damage_taken":[{"damage":2.0,"enemies":"Jaw Worm","floor":1.0,"turns":3.0},{"damage":7.0,"enemies":"2 Louse","floor":5.0,"turns":2.0},{"damage":25.0,"enemies":"3 Sentries","floor":6.0,"turns":7.0},{"damage":0.0,"enemies":"Small Slimes","floor":8.0,"turns":3.0},{"damage":6.0,"enemies":"2 Fungi Beasts","floor":11.0,"turns":3.0},{"damage":4.0,"enemies":"Gremlin Nob","floor":12.0,"turns":4.0},{"damage":0.0,"enemies":"Exordium Wildlife","floor":13.0,"turns":4.0},{"damage":0.0,"enemies":"Slime Boss","floor":16.0,"turns":9.0},{"damage":24.0,"enemies":"3 Byrds","floor":18.0,"turns":6.0},{"damage":4.0,"enemies":"2 Thieves","floor":22.0,"turns":5.0},{"damage":35.0,"enemies":"Slavers","floor":24.0,"turns":8.0},{"damage":2.0,"enemies":"Snecko","floor":25.0,"turns":6.0},{"damage":13.0,"enemies":"Shelled Parasite and Fungi","floor":28.0,"turns":8.0},{"damage":0.0,"enemies":"Centurion and Healer","floor":31.0,"turns":8.0},{"damage":32,"enemies":"Automaton","floor":33,"turns":14},{"damage":5,"enemies":"3 Darklings","floor":35,"turns":9},{"damage":0,"enemies":"3 Shapes","floor":36,"turns":7},{"damage":11,"enemies":"Writhing Mass","floor":38,"turns":12},{"damage":46,"enemies":"Jaw Worm Horde","floor":39,"turns":5},{"damage":50,"enemies":"Reptomancer","floor":40,"turns":2}],"seed_played":"8077224050945178675","potions_obtained":[{"floor":11.0,"key":"SneckoOil"},{"floor":12.0,"key":"ColorlessPotion"},{"floor":13.0,"key":"BlessingOfTheForge"},{"floor":18.0,"key":"Weak Potion"},{"floor":22.0,"key":"Dexterity Potion"},{"floor":24.0,"key":"AttackPotion"},{"floor":34,"key":"Block Potion"},{"floor":38,"key":"EssenceOfSteel"}],"is_trial":false,"path_per_floor":["M","?","?","$","M","E","R","M","T","R","M","E","M","?","R","B",null,"M","?","?","$","M","R","E","M","T","?","M","R","$","M","R","B",null,"M","M","$","M","M","E"],"character_chosen":"DEFECT","items_purchased":["Lantern","Ball Lightning","Dexterity Potion","Coolheaded","Regen Potion","Energy Potion"],"campfire_rested":2,"item_purchase_floors":[21,21,30,37,37,37],"current_hp_per_floor":[76,76,53,53,46,21,44,44,44,50,44,40,40,40,49,49,70,46,46,46,46,42,54,19,17,17,17,4,39,39,39,51,29,70,70,70,70,64,37,0],"gold":146,"neow_bonus":"ONE_RARE_RELIC","is_prod":false,"is_daily":false,"chose_seed":false,"campfire_upgraded":4,"win_rate":0,"timestamp":1665354161,"path_taken":["M","?","?","$","M","E","R","M","T","R","M","E","M","?","R","BOSS","M","?","?","$","M","R","E","M","T","?","?","R","$","M","R","BOSS","M","M","$","M","M","E"],"build_version":"2022-10-04","purchased_purges":2,"victory":false,"max_hp_per_floor":[85,77,77,77,77,77,77,77,77,77,77,77,77,77,77,77,77,77,77,77,77,77,77,77,77,77,77,77,77,77,77,77,77,82,82,82,82,82,82,82],"relic_stats":{"Ice Cream":[119],"Shovel":0,"Inserter":[45],"counters":[20,125],"Golden Idol":127,"Eternal Feather":51,"Bottled Tornado":"Heatsinks","obtain_stats":[{"Ice Cream":6,"Lantern":21,"Shovel":12,"Inserter":17,"Tiny House":34,"Golden Idol":2,"Mango":0,"Eternal Feather":9,"Bottled Tornado":24,"Cracked Core":0,"Toy Ornithopter":26},{"Ice Cream":3,"Lantern":9,"Shovel":6,"Inserter":8,"Tiny House":15,"Golden Idol":1,"Mango":0,"Eternal Feather":4,"Bottled Tornado":11,"Cracked Core":0,"Toy Ornithopter":12},{"Ice Cream":12,"Lantern":41,"Shovel":22,"Inserter":35,"Tiny House":90,"Golden Idol":3,"Mango":0,"Eternal Feather":15,"Bottled Tornado":54,"Cracked Core":0,"Toy Ornithopter":60}],"Toy Ornithopter":30},"card_choices":[{"not_picked":["Gash","Hologram"],"picked":"Streamline","floor":1.0},{"not_picked":["Barrage","Streamline"],"picked":"Go for the Eyes","floor":5.0},{"not_picked":["Redo","Streamline"],"picked":"Buffer","floor":6.0},{"not_picked":["Loop","Hello World","Scrape"],"picked":"SKIP","floor":8.0},{"not_picked":["Aggregate","Redo"],"picked":"Reinforced Body","floor":11.0},{"not_picked":["Barrage","Gash"],"picked":"Steam","floor":12.0},{"not_picked":["Tempest","Scrape"],"picked":"Conserve Battery","floor":13.0},{"not_picked":["Fission","Core Surge"],"picked":"Rainbow","floor":16.0},{"not_picked":["Go for the Eyes+1","Compile Driver"],"picked":"Turbo","floor":18.0},{"not_picked":["Scrape","Leap","Ball Lightning"],"picked":"SKIP","floor":22.0},{"not_picked":["Rainbow","Coolheaded"],"picked":"Compile Driver","floor":24.0},{"not_picked":["Reinforced Body+1","Cold Snap"],"picked":"Skim","floor":25.0},{"not_picked":["Leap","Melter","Redo"],"picked":"SKIP","floor":28.0},{"not_picked":["Hello World","Redo"],"picked":"Conserve Battery+1","floor":31.0},{"not_picked":["Reboot","Machine Learning"],"picked":"Rainbow","floor":33},{"not_picked":["Hello World","Beam Cell"],"picked":"Barrage","floor":34},{"not_picked":["Hello World","Scrape","Conserve Battery"],"picked":"SKIP","floor":35},{"not_picked":["Blizzard","Barrage","Cold Snap"],"picked":"SKIP","floor":36},{"not_picked":["Gash","Turbo"],"picked":"Echo Form","floor":38},{"not_picked":["Steam","Streamline"],"picked":"White Noise","floor":39}],"player_experience":5295458,"relics_obtained":[{"floor":6.0,"key":"Ice Cream"},{"floor":9.0,"key":"Eternal Feather"},{"floor":12.0,"key":"Shovel"},{"floor":24.0,"key":"Bottled Tornado"},{"floor":26.0,"key":"Toy Ornithopter"}],"event_choices":[{"damage_healed":0.0,"max_hp_gain":0.0,"max_hp_loss":8.0,"gold_gain":0.0,"event_name":"Golden Idol","player_choice":"Lose Max HP","floor":2.0,"gold_loss":0.0,"damage_taken":0.0,"relics_obtained":["Golden Idol"]},{"damage_healed":0.0,"max_hp_gain":0.0,"max_hp_loss":0.0,"gold_gain":0.0,"event_name":"Shining Light","player_choice":"Entered Light","floor":3.0,"gold_loss":0.0,"damage_taken":23.0,"cards_upgraded":["Strike_B","Strike_B"]},{"damage_healed":0.0,"max_hp_gain":0.0,"max_hp_loss":0.0,"gold_gain":0.0,"event_name":"Scrap Ooze","player_choice":"Fled","floor":14.0,"gold_loss":0.0,"damage_taken":0.0},{"damage_healed":0.0,"max_hp_gain":0.0,"max_hp_loss":0.0,"gold_gain":0.0,"cards_transformed":["Strike_B","Strike_B"],"event_name":"Drug Dealer","player_choice":"Became Test Subject","floor":19.0,"gold_loss":0.0,"damage_taken":0.0,"cards_obtained":["Heatsinks","Fission"]},{"damage_healed":0.0,"max_hp_gain":0.0,"max_hp_loss":0.0,"gold_gain":0.0,"event_name":"Back to Basics","player_choice":"Simplicity","floor":20.0,"gold_loss":0.0,"damage_taken":0.0,"cards_upgraded":["Defend_B","Defend_B","Defend_B","Defend_B"]},{"damage_healed":0.0,"max_hp_gain":0.0,"max_hp_loss":0.0,"gold_gain":0.0,"event_name":"Ghosts","player_choice":"Ignored","floor":27.0,"gold_loss":0.0,"damage_taken":0.0}],"is_beta":false,"boss_relics":[{"not_picked":["Empty Cage","Runic Dome"],"picked":"Inserter"},{"not_picked":["Astrolabe","SlaversCollar"],"picked":"Tiny House"}],"items_purged_floors":[4,30],"is_endless":false,"potions_floor_spawned":[11,12,13,18,22,24,38],"killed_by":"Reptomancer","ascension_level":15}