{"gold_per_floor":[117,117,117,138,161,161,205,223,223,2,27,27,61,75,75,168,168,189,189,189,37,37,37,50,50,50,78,3,3,29,29,29,103,103,113,113,125,138,59,59,75,107,107,133,133,145,96,96,96,96],"floor_reached":51,"playtime":1772,"items_purged":["Strike_B"],"score":1277,"play_id":"a10514bc-ce88-491e-b27d-ae63f25d039d","local_time":"20221012200341","is_ascension_mode":true,"campfire_choices":[{"data":"Streamline","floor":6.0,"key":"SMITH"},{"data":"Hologram","floor":15.0,"key":"SMITH"},{"data":"Electrodynamics","floor":23,"key":"SMITH"},{"data":"Tempest","floor":25,"key":"SMITH"},{"data":"Dualcast","floor":29,"key":"SMITH"},{"data":"Coolheaded","floor":32,"key":"SMITH"},{"data":"Force Field","floor":40,"key":"SMITH"},{"data":"Consume","floor":45,"key":"SMITH"},{"data":"Capacitor","floor":49,"key":"SMITH"}],"neow_cost":"TEN_PERCENT_HP_LOSS","seed_source_timestamp":286972523671600,"circlet_count":0,"master_deck":["AscendersBane","Zap","Dualcast+1","Streamline+1","Coolheaded+1","Cold Snap","Compile Driver","Tempest+1","Hologram+1","Ball Lightning","Electrodynamics+1","Leap","White Noise","Rainbow","Loop","Core Surge","Electrodynamics","Stack","Double Energy","Force Field+1","Capacitor+1","Undo","Self Repair","Stack+1","Consume+1","Force Field","Barrage+1"],"special_seed":0,"relics":["Cracked Core","Calipers","Bloody Idol","Meat on the Bone","Sundial","Lee\u0027s Waffle","Centennial Puzzle","Velvet Choker","OrangePellets","Blood Vial","Mercury Hourglass","InkBottle","Akabeko","Pandora\u0027s Box","Symbiotic Virus","Prayer Wheel","Bottled Flame","Letter Opener"],"potions_floor_usage":[33,33,37,42,44,50,50],"damage_taken":[{"damage":0.0,"enemies":"2 Louse","floor":1.0,"turns":2.0},{"damage":7.0,"enemies":"Jaw Worm","floor":4.0,"turns":4.0},{"damage":0.0,"enemies":"Small Slimes","floor":5.0,"turns":2.0},{"damage":50.0,"enemies":"Gremlin Nob","floor":7.0,"turns":5.0},{"damage":5.0,"enemies":"Blue Slaver","floor":8.0,"turns":4.0},{"damage":27.0,"enemies":"Gremlin Gang","floor":11.0,"turns":4.0},{"damage":6.0,"enemies":"Lagavulin","floor":13.0,"turns":7.0},{"damage":9.0,"enemies":"Red Slaver","floor":14.0,"turns":2.0},{"damage":6.0,"enemies":"The Guardian","floor":16.0,"turns":11.0},{"damage":17.0,"enemies":"2 Thieves","floor":18.0,"turns":2.0},{"damage":0,"enemies":"3 Byrds","floor":24,"turns":1},{"damage":22,"enemies":"Slavers","floor":27,"turns":3},{"damage":26,"enemies":"Book of Stabbing","floor":30,"turns":6},{"damage":22,"enemies":"Automaton","floor":33,"turns":5},{"damage":0,"enemies":"3 Shapes","floor":35,"turns":3},{"damage":26,"enemies":"3 Darklings","floor":37,"turns":2},{"damage":0,"enemies":"Sphere and 2 Shapes","floor":38,"turns":4},{"damage":6,"enemies":"Transient","floor":41,"turns":5},{"damage":36,"enemies":"Reptomancer","floor":42,"turns":5},{"damage":41,"enemies":"Nemesis","floor":44,"turns":7},{"damage":9,"enemies":"4 Shapes","floor":46,"turns":2},{"damage":24,"enemies":"Time Eater","floor":50,"turns":9}],"seed_played":"1537207284297893933","potions_obtained":[{"floor":4.0,"key":"Dexterity Potion"},{"floor":7.0,"key":"DuplicationPotion"},{"floor":11.0,"key":"Fruit Juice"},{"floor":16.0,"key":"SteroidPotion"},{"floor":18.0,"key":"FocusPotion"},{"floor":33,"key":"GamblersBrew"},{"floor":35,"key":"GamblersBrew"},{"floor":37,"key":"SteroidPotion"},{"floor":41,"key":"PowerPotion"},{"floor":42,"key":"GamblersBrew"}],"is_trial":false,"path_per_floor":["M","?","?","M","M","R","E","M","T","$","M","$","E","M","R","B",null,"M","?","?","$","T","R","M","R","T","E","?","R","E","$","R","B",null,"M","?","M","M","$","R","M","E","T","E","R","M","$","T","R","B",null],"character_chosen":"DEFECT","items_purchased":["Lee\u0027s Waffle","OrangePellets","Self Repair","FocusPotion"],"campfire_rested":0,"item_purchase_floors":[10,21,39,47],"current_hp_per_floor":[64,42,63,56,56,56,6,13,13,71,44,44,38,41,41,52,70,53,53,68,68,68,68,75,75,75,59,59,59,52,52,52,49,69,76,76,55,62,62,62,70,60,60,45,45,69,69,69,69,54],"gold":96,"neow_bonus":"ONE_RARE_RELIC","is_prod":false,"is_daily":false,"chose_seed":false,"campfire_upgraded":9,"win_rate":0,"timestamp":1665630221,"path_taken":["M","?","?","M","M","R","E","M","T","$","M","?","E","M","R","BOSS","M","?","?","$","?","R","M","R","T","E","?","R","E","$","R","BOSS","M","?","M","M","$","R","?","E","T","E","R","?","$","?","R","BOSS"],"build_version":"2022-10-04","purchased_purges":1,"victory":true,"max_hp_per_floor":[64,64,64,64,64,64,64,64,64,71,71,71,71,71,71,76,76,76,76,76,76,76,76,76,76,76,76,76,76,76,76,76,76,76,76,76,76,76,76,76,76,76,76,76,76,76,76,76,76,76],"relic_stats":{"Lee\u0027s Waffle":58,"Calipers":[32],"counters":[22,93],"Letter Opener":[5],"Mercury Hourglass":[200],"Blood Vial":21,"OrangePellets":[3],"Centennial Puzzle":[36],"Bottled Flame":"Core Surge","Sundial":[12],"Bloody Idol":55,"Pandora\u0027s Box":["Loop","Core Surge","Electrodynamics","Stack","Double Energy","Force Field"],"Prayer Wheel":1,"obtain_stats":[{"Lee\u0027s Waffle":10,"Calipers":0,"Golden Idol":2,"Velvet Choker":17,"Letter Opener":48,"Akabeko":30,"Mercury Hourglass":26,"Blood Vial":22,"OrangePellets":21,"Centennial Puzzle":13,"Bottled Flame":44,"Sundial":9,"Bloody Idol":19,"Pandora\u0027s Box":34,"Prayer Wheel":43,"Cracked Core":0,"Symbiotic Virus":42,"InkBottle":27,"Meat on the Bone":7},{"Lee\u0027s Waffle":5,"Calipers":0,"Golden Idol":1,"Velvet Choker":9,"Letter Opener":21,"Akabeko":13,"Mercury Hourglass":11,"Blood Vial":10,"OrangePellets":10,"Centennial Puzzle":7,"Bottled Flame":20,"Sundial":5,"Bloody Idol":10,"Pandora\u0027s Box":14,"Prayer Wheel":19,"Cracked Core":0,"Symbiotic Virus":19,"InkBottle":12,"Meat on the Bone":4},{"Lee\u0027s Waffle":17,"Calipers":0,"Golden Idol":2,"Velvet Choker":41,"Letter Opener":84,"Akabeko":52,"Mercury Hourglass":44,"Blood Vial":43,"OrangePellets":43,"Centennial Puzzle":28,"Bottled Flame":82,"Sundial":17,"Bloody Idol":43,"Pandora\u0027s Box":57,"Prayer Wheel":75,"Cracked Core":0,"Symbiotic Virus":75,"InkBottle":46,"Meat on the Bone":13}],"InkBottle":[17],"Meat on the Bone":96},"card_choices":[{"not_picked":["Sweeping Beam","Heatsinks"],"picked":"Streamline","floor":1.0},{"not_picked":["Redo","Chaos"],"picked":"Coolheaded","floor":4.0},{"not_picked":["Leap","Turbo"],"picked":"Cold Snap","floor":5.0},{"not_picked":["Hyperbeam","Coolheaded"],"picked":"Compile Driver","floor":7.0},{"not_picked":["Sweeping Beam","Coolheaded","Turbo"],"picked":"SKIP","floor":8.0},{"not_picked":["Coolheaded","Turbo"],"picked":"Tempest","floor":11.0},{"not_picked":["Redo","Heatsinks"],"picked":"Hologram","floor":13.0},{"not_picked":["Cold Snap","Rebound"],"picked":"Ball Lightning","floor":14.0},{"not_picked":["Machine Learning","Creative AI"],"picked":"Electrodynamics","floor":16.0},{"not_picked":["Stack","Coolheaded","Steam Power"],"picked":"SKIP","floor":18.0},{"not_picked":["Rip and Tear","Cold Snap"],"picked":"Leap","floor":24},{"not_picked":["Blizzard","Rebound","Leap"],"picked":"SKIP","floor":27},{"not_picked":["Conserve Battery","Doom and Gloom"],"picked":"White Noise","floor":30},{"not_picked":["Core Surge","Buffer"],"picked":"Rainbow","floor":33},{"not_picked":["Static Discharge+1","Scrape+1"],"picked":"Capacitor","floor":35},{"not_picked":["Sweeping Beam","Consume"],"picked":"Undo","floor":37},{"not_picked":["Gash+1","Steam Power+1","Ball Lightning"],"picked":"SKIP","floor":38},{"not_picked":["Static Discharge","Compile Driver+1","Leap"],"picked":"SKIP","floor":41},{"not_picked":["Electrodynamics","Capacitor"],"picked":"Stack+1","floor":42},{"not_picked":["Buffer","Genetic Algorithm"],"picked":"Consume","floor":44},{"not_picked":["Static Discharge","Leap+1"],"picked":"Force Field","floor":46},{"not_picked":["Streamline","Loop"],"picked":"Barrage+1","floor":46}],"player_experience":5298231,"relics_obtained":[{"floor":7.0,"key":"Meat on the Bone"},{"floor":9.0,"key":"Sundial"},{"floor":13.0,"key":"Centennial Puzzle"},{"floor":22,"key":"Blood Vial"},{"floor":26,"key":"Mercury Hourglass"},{"floor":27,"key":"InkBottle"},{"floor":30,"key":"Akabeko"},{"floor":42,"key":"Symbiotic Virus"},{"floor":43,"key":"Prayer Wheel"},{"floor":44,"key":"Bottled Flame"},{"floor":48,"key":"Letter Opener"}],"event_choices":[{"damage_healed":0.0,"max_hp_gain":0.0,"max_hp_loss":0.0,"gold_gain":0.0,"event_name":"Golden Idol","player_choice":"Take Damage","floor":2.0,"gold_loss":0.0,"damage_taken":22.0,"relics_obtained":["Golden Idol"]},{"damage_healed":21.0,"max_hp_gain":0.0,"max_hp_loss":0.0,"gold_gain":0.0,"event_name":"Big Fish","player_choice":"Banana","floor":3.0,"gold_loss":0.0,"damage_taken":0.0},{"damage_healed":0.0,"max_hp_gain":0.0,"max_hp_loss":0.0,"gold_gain":0.0,"event_name":"Forgotten Altar","player_choice":"Gave Idol","floor":19.0,"relics_lost":["Golden Idol"],"gold_loss":0.0,"damage_taken":0.0,"relics_obtained":["Bloody Idol"]},{"damage_healed":15,"gold_gain":0,"player_choice":"Heal","damage_taken":0,"max_hp_gain":0,"max_hp_loss":0,"event_name":"The Library","floor":20,"gold_loss":0},{"cards_removed":["Strike_B"],"damage_healed":0,"gold_gain":0,"player_choice":"Gave Gold","damage_taken":0,"max_hp_gain":0,"max_hp_loss":0,"event_name":"Beggar","floor":28,"gold_loss":75},{"damage_healed":0,"gold_gain":0,"player_choice":"Full Heal","damage_taken":0,"max_hp_gain":0,"max_hp_loss":0,"event_name":"Wheel of Change","floor":36,"gold_loss":0}],"is_beta":false,"boss_relics":[{"not_picked":["Sozu","Inserter"],"picked":"Velvet Choker"},{"not_picked":["Nuclear Battery","Cursed Key"],"picked":"Pandora\u0027s Box"}],"items_purged_floors":[10],"is_endless":false,"potions_floor_spawned":[4,7,11,16,18,33,35,37,41,42],"ascension_level":15}