{"gold_per_floor":[13,13,33,47,47,47,70,70,97,128,141,185,1,26,26,115,115,128,53,53,67,86,121,43,79,79,115,115,458,458,471,471,561,561,582,603,323,323,70,110,110,149,176,201,244,244,244,244,244,244],"floor_reached":51,"playtime":2153,"items_purged":["Strike_B","Strike_B","Strike_B"],"score":1512,"play_id":"f9aa28ea-5e1a-4c27-8f32-f07df17f555a","local_time":"20221123172112","is_ascension_mode":true,"campfire_choices":[{"data":"Electrodynamics","floor":6.0,"key":"SMITH"},{"data":"Ball Lightning","floor":8.0,"key":"SMITH"},{"data":"Self Repair","floor":15.0,"key":"SMITH"},{"data":"Defragment","floor":28.0,"key":"SMITH"},{"data":"Buffer","floor":32.0,"key":"SMITH"},{"data":"Consume","floor":41.0,"key":"SMITH"},{"data":"Barrage","floor":47,"key":"SMITH"},{"data":"Coolheaded","floor":49,"key":"SMITH"}],"neow_cost":"NO_GOLD","seed_source_timestamp":115389451614700,"circlet_count":0,"master_deck":["AscendersBane","Defend_B","Defend_B","Defend_B","Defend_B","Dualcast","Electrodynamics+1","Chill","Sweeping Beam+1","Ball Lightning+1","Conserve Battery","Coolheaded+1","Rebound","Self Repair+1","Cold Snap","Storm","Buffer+1","Barrage+1","Hologram+1","Doom and Gloom+1","Defragment+1","Compile Driver+1","Self Repair+1","Echo Form+1","Consume+1","Defragment+1","Reinforced Body","Cold Snap+1","Turbo+1","Skim"],"special_seed":0,"relics":["Cracked Core","Golden Idol","Blood Vial","Happy Flower","Nunchaku","Membership Card","Philosopher\u0027s Stone","Gambling Chip","Darkstone Periapt","Pear","Frozen Egg 2","Old Coin","Inserter","ClockworkSouvenir","Bottled Tornado","Ice Cream","White Beast Statue","Anchor","MealTicket","Akabeko","Eternal Feather"],"potions_floor_usage":[45,50,50],"damage_taken":[{"damage":0.0,"enemies":"Small Slimes","floor":1.0,"turns":3.0},{"damage":0.0,"enemies":"2 Louse","floor":3.0,"turns":1.0},{"damage":7.0,"enemies":"Jaw Worm","floor":4.0,"turns":3.0},{"damage":11.0,"enemies":"Looter","floor":7.0,"turns":4.0},{"damage":5.0,"enemies":"3 Sentries","floor":10.0,"turns":2.0},{"damage":0.0,"enemies":"Large Slime","floor":11.0,"turns":3.0},{"damage":3.0,"enemies":"Gremlin Nob","floor":12.0,"turns":3.0},{"damage":13.0,"enemies":"Gremlin Gang","floor":14.0,"turns":3.0},{"damage":14.0,"enemies":"Hexaghost","floor":16.0,"turns":9.0},{"damage":8.0,"enemies":"3 Byrds","floor":18.0,"turns":4.0},{"damage":0.0,"enemies":"2 Thieves","floor":21.0,"turns":2.0},{"damage":21.0,"enemies":"Cultist and Chosen","floor":22.0,"turns":5.0},{"damage":30.0,"enemies":"Gremlin Leader","floor":23.0,"turns":6.0},{"damage":19.0,"enemies":"Slavers","floor":25.0,"turns":4.0},{"damage":0.0,"enemies":"Gremlin Leader","floor":27.0,"turns":4.0},{"damage":29.0,"enemies":"Book of Stabbing","floor":29.0,"turns":5.0},{"damage":1.0,"enemies":"Sentry and Sphere","floor":31.0,"turns":4.0},{"damage":49.0,"enemies":"Champ","floor":33.0,"turns":17.0},{"damage":0.0,"enemies":"Orb Walker","floor":35.0,"turns":3.0},{"damage":11.0,"enemies":"3 Darklings","floor":36.0,"turns":4.0},{"damage":60.0,"enemies":"Reptomancer","floor":40.0,"turns":5.0},{"damage":37.0,"enemies":"Nemesis","floor":42.0,"turns":9.0},{"damage":0.0,"enemies":"Transient","floor":44.0,"turns":5.0},{"damage":14,"enemies":"Reptomancer","floor":45,"turns":5},{"damage":38,"enemies":"Awakened One","floor":50,"turns":20}],"seed_played":"5813612065937144591","potions_obtained":[{"floor":4.0,"key":"FearPotion"},{"floor":7.0,"key":"LiquidBronze"},{"floor":12.0,"key":"Block Potion"},{"floor":16.0,"key":"BlessingOfTheForge"},{"floor":18.0,"key":"SkillPotion"},{"floor":22.0,"key":"Ancient Potion"},{"floor":30.0,"key":"Dexterity Potion"},{"floor":33.0,"key":"Block Potion"},{"floor":35.0,"key":"Dexterity Potion"},{"floor":42.0,"key":"PotionOfCapacity"},{"floor":45,"key":"Energy Potion"}],"is_trial":false,"path_per_floor":["M","?","M","M","?","R","M","R","T","E","M","E","$","M","R","B",null,"M","?","?","M","M","E","$","E","T","E","R","E","?","M","R","B",null,"M","M","$","?","$","E","R","E","T","M","E","T","R","?","R","B",null],"character_chosen":"DEFECT","items_purchased":["Membership Card","Cold Snap","Defragment","ClockworkSouvenir","Bottled Tornado","Defragment+1","Ice Cream","Reinforced Body"],"campfire_rested":0,"item_purchase_floors":[13,13,24,37,37,37,39,39],"current_hp_per_floor":[64,64,64,57,57,57,46,46,46,43,45,44,44,40,40,38,58,62,62,62,64,53,35,35,28,38,50,50,33,33,54,54,27,62,74,73,73,73,73,44,44,29,29,41,49,49,67,67,74,66],"gold":244,"neow_bonus":"THREE_RARE_CARDS","is_prod":false,"is_daily":false,"chose_seed":false,"campfire_upgraded":8,"win_rate":0,"timestamp":1669252872,"path_taken":["M","?","M","M","?","R","M","R","T","E","M","E","$","M","R","BOSS","M","?","?","M","M","E","$","E","T","E","R","E","?","M","R","BOSS","M","?","$","?","$","E","R","E","T","?","E","?","R","?","R","BOSS"],"build_version":"2022-10-04","purchased_purges":3,"victory":true,"max_hp_per_floor":[71,64,64,64,64,64,64,64,64,64,64,64,64,64,64,64,64,64,64,64,64,64,64,64,64,74,74,74,74,74,74,74,74,74,74,74,74,74,74,74,74,74,74,74,74,74,74,74,74,74],"relic_stats":{"Darkstone Periapt":0,"Ice Cream":[105],"Inserter":[25],"Happy Flower":[40],"counters":[25,133],"Golden Idol":171,"Eternal Feather":25,"Bottled Tornado":"Echo Form","White Beast Statue":[0.0,0.0,0.06000000000000001,0.0,0.44000000000000006,0.0,0.44000000000000006,0.0,0.06000000000000001,0.0,0.0,1.5],"Blood Vial":35,"Nunchaku":[16],"Gambling Chip":[37],"MealTicket":0,"Membership Card":636,"obtain_stats":[{"Darkstone Periapt":25,"Ice Cream":39,"Pear":26,"Inserter":34,"Happy Flower":10,"Golden Idol":2,"Eternal Feather":46,"Frozen Egg 2":27,"Bottled Tornado":37,"White Beast Statue":40,"Akabeko":45,"Old Coin":29,"ClockworkSouvenir":37,"Blood Vial":9,"Nunchaku":12,"Anchor":42,"Gambling Chip":23,"Philosopher\u0027s Stone":17,"MealTicket":43,"Membership Card":13,"Cracked Core":0},{"Darkstone Periapt":14,"Ice Cream":20,"Pear":14,"Inserter":18,"Happy Flower":5,"Golden Idol":1,"Eternal Feather":24,"Frozen Egg 2":15,"Bottled Tornado":20,"White Beast Statue":21,"Akabeko":24,"Old Coin":16,"ClockworkSouvenir":20,"Blood Vial":4,"Nunchaku":7,"Anchor":22,"Gambling Chip":13,"Philosopher\u0027s Stone":9,"MealTicket":22,"Membership Card":7,"Cracked Core":0},{"Darkstone Periapt":52,"Ice Cream":89,"Pear":52,"Inserter":82,"Happy Flower":13,"Golden Idol":3,"Eternal Feather":113,"Frozen Egg 2":56,"Bottled Tornado":89,"White Beast Statue":94,"Akabeko":113,"Old Coin":61,"ClockworkSouvenir":89,"Blood Vial":11,"Nunchaku":19,"Anchor":103,"Gambling Chip":48,"Philosopher\u0027s Stone":31,"MealTicket":103,"Membership Card":19,"Cracked Core":0}]},"card_choices":[{"not_picked":["Machine Learning","Thunder Strike"],"picked":"Electrodynamics","floor":0.0},{"not_picked":["Hologram","Leap"],"picked":"Chill","floor":1.0},{"not_picked":["Stack","Hello World"],"picked":"Sweeping Beam","floor":3.0},{"not_picked":["Blizzard","Fusion"],"picked":"Ball Lightning","floor":4.0},{"not_picked":["Lockon","Compile Driver"],"picked":"Conserve Battery","floor":7.0},{"not_picked":["Double Energy","Amplify"],"picked":"Coolheaded","floor":10.0},{"not_picked":["BootSequence","Steam"],"picked":"Rebound","floor":11.0},{"not_picked":["Beam Cell","Doom and Gloom"],"picked":"Self Repair","floor":12.0},{"not_picked":["Meteor Strike","Gash"],"picked":"Storm","floor":14.0},{"not_picked":["Reboot","Electrodynamics"],"picked":"Buffer","floor":16.0},{"not_picked":["Leap","Cold Snap"],"picked":"Barrage","floor":18.0},{"not_picked":["Rip and Tear","Beam Cell"],"picked":"Hologram+1","floor":21.0},{"not_picked":["Streamline","Steam Power","Reprogram+1"],"picked":"SKIP","floor":22.0},{"not_picked":["Storm","Fusion+1"],"picked":"Doom and Gloom+1","floor":23.0},{"not_picked":["Steam","Static Discharge"],"picked":"Compile Driver+1","floor":25.0},{"not_picked":["Conserve Battery","Streamline","Cold Snap"],"picked":"SKIP","floor":27.0},{"not_picked":["Cold Snap","Aggregate"],"picked":"Self Repair+1","floor":29.0},{"not_picked":["Barrage","Scrape","Rip and Tear"],"picked":"SKIP","floor":31.0},{"not_picked":["Meteor Strike","Seek"],"picked":"Echo Form+1","floor":33.0},{"not_picked":["Turbo","Redo"],"picked":"Consume","floor":35.0},{"not_picked":["Cold Snap","Go for the Eyes","Leap"],"picked":"SKIP","floor":36.0},{"not_picked":["Coolheaded","Go for the Eyes","Cold Snap+1"],"picked":"SKIP","floor":40.0},{"not_picked":["Coolheaded","Go for the Eyes"],"picked":"Cold Snap+1","floor":40.0},{"not_picked":["Leap","Multi-Cast"],"picked":"Turbo+1","floor":42.0},{"not_picked":["Static Discharge+1","Go for the Eyes"],"picked":"Skim","floor":44.0},{"not_picked":["Cold Snap","Turbo+1","Barrage"],"picked":"SKIP","floor":45}],"player_experience":5335306,"relics_obtained":[{"floor":9.0,"key":"Blood Vial"},{"floor":10.0,"key":"Happy Flower"},{"floor":12.0,"key":"Nunchaku"},{"floor":23.0,"key":"Gambling Chip"},{"floor":25.0,"key":"Darkstone Periapt"},{"floor":26.0,"key":"Pear"},{"floor":27.0,"key":"Frozen Egg 2"},{"floor":29.0,"key":"Old Coin"},{"floor":40.0,"key":"White Beast Statue"},{"floor":42.0,"key":"Anchor"},{"floor":43.0,"key":"MealTicket"},{"floor":45,"key":"Akabeko"},{"floor":46,"key":"Eternal Feather"}],"event_choices":[{"damage_healed":0.0,"max_hp_gain":0.0,"max_hp_loss":7.0,"gold_gain":0.0,"event_name":"Golden Idol","player_choice":"Lose Max HP","floor":2.0,"gold_loss":0.0,"damage_taken":0.0,"relics_obtained":["Golden Idol"]},{"damage_healed":0.0,"max_hp_gain":0.0,"max_hp_loss":0.0,"gold_gain":0.0,"event_name":"Living Wall","player_choice":"Grow","floor":5.0,"gold_loss":0.0,"damage_taken":0.0,"cards_upgraded":["Sweeping Beam"]},{"cards_removed":["Strike_B"],"damage_healed":0.0,"max_hp_gain":0.0,"max_hp_loss":0.0,"gold_gain":0.0,"event_name":"Beggar","player_choice":"Gave Gold","floor":19.0,"gold_loss":75.0,"damage_taken":0.0},{"damage_healed":0.0,"max_hp_gain":0.0,"max_hp_loss":0.0,"gold_gain":0.0,"event_name":"Lab","player_choice":"Got Potions","floor":30.0,"gold_loss":0.0,"damage_taken":0.0},{"damage_healed":0.0,"max_hp_gain":0.0,"max_hp_loss":0.0,"gold_gain":0.0,"event_name":"SecretPortal","player_choice":"Ignored","floor":38.0,"gold_loss":0.0,"damage_taken":0.0},{"cards_removed":["Zap"],"damage_healed":0,"gold_gain":0,"player_choice":"Purged","damage_taken":0,"max_hp_gain":0,"max_hp_loss":0,"event_name":"Purifier","floor":48,"gold_loss":0}],"is_beta":false,"boss_relics":[{"not_picked":["Runic Dome","Fusion Hammer"],"picked":"Philosopher\u0027s Stone"},{"not_picked":["Cursed Key","Coffee Dripper"],"picked":"Inserter"}],"items_purged_floors":[24,37,39],"is_endless":false,"potions_floor_spawned":[4,7,12,16,18,22,23,31,33,35,42,44,45],"ascension_level":15}