{"gold_per_floor":[114,114,124,143,143,143,178,195,263,290,310,339,339,356,356,434,434,452,54,65,65,65,65,77,103,103,132,25,25,37,52,52,129,129,149,149,165,165,185,215,215,215,215,215,22,22,38,49,49,49],"floor_reached":51,"playtime":2019,"items_purged":["Strike_B"],"score":1365,"play_id":"8545d26a-bc01-42ad-8e8a-e15138284817","local_time":"20221229175045","is_ascension_mode":true,"campfire_choices":[{"data":"Rip and Tear","floor":6.0,"key":"SMITH"},{"floor":15.0,"key":"REST"},{"floor":23.0,"key":"REST"},{"floor":29.0,"key":"REST"},{"data":"Consume","floor":32,"key":"SMITH"},{"floor":41,"key":"REST"},{"data":"Biased Cognition","floor":46,"key":"SMITH"},{"data":"Defragment","floor":49,"key":"SMITH"}],"neow_cost":"NONE","seed_source_timestamp":31590701940600,"circlet_count":0,"master_deck":["AscendersBane","Strike_B+1","Defend_B","Defend_B","Defend_B","Defend_B","Zap","Dualcast","Cold Snap+1","Ball Lightning","Rip and Tear+1","Conserve Battery","Doom and Gloom","Ball Lightning","Barrage","Coolheaded","Consume+1","Biased Cognition+1","Self Repair","Defragment+1","Undo+1","Sweeping Beam","Steam","FTL","Redo+1","Compile Driver","Static Discharge+1","Reinforced Body+1","Creative AI","Pain","Glacier","Darkness+1","Chaos+1","Undo"],"special_seed":0,"relics":["Cracked Core","NeowsBlessing","FaceOfCleric","Gambling Chip","Matryoshka","Happy Flower","Bag of Marbles","Inserter","Potion Belt","Ancient Tea Set","Regal Pillow","Anchor","Mango","Oddly Smooth Stone","Cursed Key","WarpedTongs","Vajra","OrangePellets"],"potions_floor_usage":[33,33,50,50,50],"damage_taken":[{"damage":0.0,"enemies":"Small Slimes","floor":1.0,"turns":1.0},{"damage":0.0,"enemies":"Cultist","floor":3.0,"turns":1.0},{"damage":0.0,"enemies":"Jaw Worm","floor":4.0,"turns":1.0},{"damage":24.0,"enemies":"3 Sentries","floor":7.0,"turns":6.0},{"damage":1.0,"enemies":"2 Fungi Beasts","floor":8.0,"turns":2.0},{"damage":13.0,"enemies":"Lagavulin","floor":10.0,"turns":5.0},{"damage":0.0,"enemies":"Large Slime","floor":11.0,"turns":3.0},{"damage":0.0,"enemies":"Gremlin Nob","floor":12.0,"turns":2.0},{"damage":0.0,"enemies":"Exordium Wildlife","floor":14.0,"turns":1.0},{"damage":16.0,"enemies":"The Guardian","floor":16.0,"turns":12.0},{"damage":10.0,"enemies":"Shell Parasite","floor":18.0,"turns":5.0},{"damage":1.0,"enemies":"3 Byrds","floor":20.0,"turns":4.0},{"damage":39.0,"enemies":"Shelled Parasite and Fungi","floor":24.0,"turns":8.0},{"damage":25.0,"enemies":"Slavers","floor":25.0,"turns":4.0},{"damage":30.0,"enemies":"Gremlin Leader","floor":27.0,"turns":7.0},{"damage":0.0,"enemies":"Centurion and Healer","floor":30.0,"turns":6.0},{"damage":10.0,"enemies":"3 Cultists","floor":31.0,"turns":4.0},{"damage":52,"enemies":"Automaton","floor":33,"turns":8},{"damage":20,"enemies":"Orb Walker","floor":35,"turns":3},{"damage":0,"enemies":"3 Shapes","floor":37,"turns":5},{"damage":16,"enemies":"Jaw Worm Horde","floor":39,"turns":3},{"damage":16,"enemies":"Giant Head","floor":40,"turns":14},{"damage":0,"enemies":"Sphere and 2 Shapes","floor":47,"turns":6},{"damage":1,"enemies":"Spire Growth","floor":48,"turns":6},{"damage":8,"enemies":"Donu and Deca","floor":50,"turns":6}],"seed_played":"1539320473460434269","potions_obtained":[{"floor":1.0,"key":"FocusPotion"},{"floor":8.0,"key":"ColorlessPotion"},{"floor":11.0,"key":"SteroidPotion"},{"floor":14.0,"key":"AttackPotion"},{"floor":24.0,"key":"EssenceOfDarkness"},{"floor":27.0,"key":"LiquidMemories"},{"floor":31.0,"key":"Weak Potion"},{"floor":33,"key":"PotionOfCapacity"},{"floor":39,"key":"SmokeBomb"},{"floor":47,"key":"FocusPotion"}],"is_trial":false,"path_per_floor":["M","?","M","M","?","R","E","M","T","E","M","E","?","M","R","B",null,"M","$","M","?","?","R","M","E","T","E","?","R","M","M","R","B",null,"M","?","M","?","M","E","R","?","T","?","$","R","M","M","R","B",null],"character_chosen":"DEFECT","items_purchased":["Defragment","Potion Belt","Explosive Potion","SpeedPotion","OrangePellets","PowerPotion"],"campfire_rested":4,"item_purchase_floors":[19,19,19,19,45,45],"current_hp_per_floor":[64,64,65,66,44,44,21,21,21,9,10,11,11,12,35,20,65,56,56,56,56,56,80,49,32,32,24,24,68,76,74,74,30,84,65,65,76,76,71,63,101,101,101,101,101,101,102,103,103,96],"gold":49,"neow_bonus":"THREE_ENEMY_KILL","is_prod":false,"is_daily":false,"chose_seed":false,"campfire_upgraded":4,"win_rate":0,"timestamp":1672365045,"path_taken":["M","?","?","M","?","R","E","M","T","E","M","E","?","M","R","BOSS","M","$","M","?","?","R","M","E","T","E","?","R","?","M","R","BOSS","M","?","?","?","M","E","R","?","T","?","$","R","M","M","R","BOSS"],"build_version":"2022-12-18","purchased_purges":1,"victory":true,"max_hp_per_floor":[71,71,72,73,73,73,74,75,75,76,77,78,78,79,79,80,80,81,81,82,82,82,82,83,84,84,99,99,99,100,101,101,102,102,103,103,104,99,100,101,101,101,101,101,101,101,102,103,103,104],"relic_stats":{"OrangePellets":[5],"Regal Pillow":23,"Matryoshka":1,"Inserter":[44],"FaceOfCleric":24,"Happy Flower":[35],"counters":[25,123],"Gambling Chip":[51],"Ancient Tea Set":[8],"Cursed Key":0,"obtain_stats":[{"Potion Belt":19,"Regal Pillow":26,"Inserter":17,"NeowsBlessing":0,"Happy Flower":10,"Oddly Smooth Stone":28,"Vajra":40,"Mango":27,"Ancient Tea Set":25,"Cursed Key":34,"WarpedTongs":36,"OrangePellets":45,"Anchor":26,"Matryoshka":9,"FaceOfCleric":2,"Gambling Chip":7,"Bag of Marbles":12,"Cracked Core":0},{"Potion Belt":11,"Regal Pillow":14,"Inserter":10,"NeowsBlessing":0,"Happy Flower":6,"Oddly Smooth Stone":15,"Vajra":22,"Mango":15,"Ancient Tea Set":14,"Cursed Key":18,"WarpedTongs":19,"OrangePellets":22,"Anchor":14,"Matryoshka":5,"FaceOfCleric":1,"Gambling Chip":4,"Bag of Marbles":8,"Cracked Core":0},{"Potion Belt":39,"Regal Pillow":55,"Inserter":34,"NeowsBlessing":0,"Happy Flower":16,"Oddly Smooth Stone":62,"Vajra":105,"Mango":62,"Ancient Tea Set":55,"Cursed Key":80,"WarpedTongs":83,"OrangePellets":105,"Anchor":55,"Matryoshka":11,"FaceOfCleric":1,"Gambling Chip":9,"Bag of Marbles":21,"Cracked Core":0}],"WarpedTongs":[40]},"card_choices":[{"not_picked":["Streamline","Gash"],"picked":"Cold Snap","floor":1.0},{"not_picked":["Cold Snap","Turbo"],"picked":"Ball Lightning","floor":3.0},{"not_picked":["Streamline","Rebound"],"picked":"Rip and Tear","floor":4.0},{"not_picked":["Stack","Rebound"],"picked":"Conserve Battery","floor":7.0},{"not_picked":["Core Surge","Storm"],"picked":"Doom and Gloom","floor":8.0},{"not_picked":["Hologram","Beam Cell"],"picked":"Ball Lightning","floor":10.0},{"not_picked":["Beam Cell","Reprogram"],"picked":"Barrage","floor":11.0},{"not_picked":["All For One","Multi-Cast"],"picked":"Coolheaded","floor":12.0},{"not_picked":["Sunder","Blizzard"],"picked":"Consume","floor":14.0},{"not_picked":["All For One","Echo Form"],"picked":"Biased Cognition","floor":16.0},{"not_picked":["Rebound","Conserve Battery"],"picked":"Self Repair","floor":18.0},{"not_picked":["White Noise","Doom and Gloom"],"picked":"Undo+1","floor":20.0},{"not_picked":["Hologram","BootSequence"],"picked":"FTL","floor":24.0},{"not_picked":["Storm","Sweeping Beam"],"picked":"Redo+1","floor":25.0},{"not_picked":["Conserve Battery","Biased Cognition"],"picked":"Compile Driver","floor":27.0},{"not_picked":["Steam Power","Steam"],"picked":"Static Discharge+1","floor":30.0},{"not_picked":["White Noise+1","Sunder"],"picked":"Reinforced Body+1","floor":31.0},{"not_picked":["Reboot","Meteor Strike"],"picked":"Creative AI","floor":33},{"not_picked":["Turbo","Steam","Compile Driver"],"picked":"SKIP","floor":35},{"not_picked":["Go for the Eyes","Hologram"],"picked":"Glacier","floor":37},{"not_picked":["Barrage","Static Discharge","Cold Snap"],"picked":"SKIP","floor":39},{"not_picked":["Rip and Tear","Chaos"],"picked":"Darkness+1","floor":40},{"not_picked":["Lockon","Hologram"],"picked":"Chaos+1","floor":47},{"not_picked":["Barrage","Leap"],"picked":"Undo","floor":48}],"player_experience":5397469,"relics_obtained":[{"floor":7.0,"key":"Gambling Chip"},{"floor":9.0,"key":"Matryoshka"},{"floor":10.0,"key":"Happy Flower"},{"floor":12.0,"key":"Bag of Marbles"},{"floor":25.0,"key":"Ancient Tea Set"},{"floor":26.0,"key":"Regal Pillow"},{"floor":26.0,"key":"Anchor"},{"floor":27.0,"key":"Mango"},{"floor":40,"key":"Vajra"}],"event_choices":[{"damage_healed":0.0,"max_hp_gain":0.0,"max_hp_loss":0.0,"gold_gain":0.0,"event_name":"FaceTrader","player_choice":"Trade","floor":2.0,"gold_loss":0.0,"damage_taken":0.0,"relics_obtained":["FaceOfCleric"]},{"damage_healed":0.0,"max_hp_gain":0.0,"max_hp_loss":0.0,"gold_gain":0.0,"event_name":"Shining Light","player_choice":"Entered Light","floor":5.0,"gold_loss":0.0,"damage_taken":22.0,"cards_upgraded":["Cold Snap","Strike_B"]},{"damage_healed":0.0,"max_hp_gain":0.0,"max_hp_loss":0.0,"gold_gain":0.0,"event_name":"Liars Game","player_choice":"Ignored","floor":13.0,"gold_loss":0.0,"damage_taken":0.0},{"damage_healed":0.0,"max_hp_gain":0.0,"max_hp_loss":0.0,"gold_gain":0.0,"cards_transformed":["Strike_B","Strike_B"],"event_name":"Drug Dealer","player_choice":"Became Test Subject","floor":21.0,"gold_loss":0.0,"damage_taken":0.0,"cards_obtained":["Sweeping Beam","Storm"]},{"damage_healed":0.0,"max_hp_gain":0.0,"max_hp_loss":0.0,"gold_gain":0.0,"event_name":"The Library","player_choice":"Read","floor":22.0,"gold_loss":0.0,"damage_taken":0.0,"cards_obtained":["Steam"]},{"damage_healed":0.0,"max_hp_gain":0.0,"max_hp_loss":0.0,"gold_gain":0.0,"event_name":"WeMeetAgain","player_choice":"Paid Gold","floor":28.0,"gold_loss":107.0,"damage_taken":0.0,"relics_obtained":["Oddly Smooth Stone"]},{"damage_healed":0,"gold_gain":0,"player_choice":"Rummage","damage_taken":0,"relics_obtained":["WarpedTongs"],"max_hp_gain":0,"max_hp_loss":0,"event_name":"Accursed Blacksmith","floor":36,"gold_loss":0,"cards_obtained":["Pain"]},{"damage_healed":0,"gold_gain":0,"player_choice":"Max HP","damage_taken":0,"max_hp_gain":0,"max_hp_loss":5,"event_name":"Winding Halls","floor":38,"gold_loss":0},{"damage_healed":0,"gold_gain":0,"player_choice":"Ignored","damage_taken":0,"max_hp_gain":0,"max_hp_loss":0,"event_name":"Tomb of Lord Red Mask","floor":42,"gold_loss":0},{"cards_removed":["Storm"],"damage_healed":0,"gold_gain":0,"player_choice":"Removed Power","damage_taken":0,"max_hp_gain":0,"max_hp_loss":0,"event_name":"Falling","floor":44,"gold_loss":0}],"is_beta":false,"boss_relics":[{"not_picked":["Runic Dome","Astrolabe"],"picked":"Inserter"},{"not_picked":["Tiny House","SacredBark"],"picked":"Cursed Key"}],"items_purged_floors":[19],"is_endless":false,"potions_floor_spawned":[1,8,11,14,24,27,31,33,39,47],"ascension_level":15}