{"gold_per_floor":[110,120,134,150,150,150,160,160,187,221,236,15,15,15,15,92,92,109,109,9,25,45,45,88,88,88,118,33,33,33,48,48,131,131,153,180,204,204,214,214,556,556,582,601,635,653,61,103,103,103],"floor_reached":51,"playtime":2223,"items_purged":["Strike_B","Strike_B","Beam Cell"],"score":1335,"play_id":"897fe0bd-a47f-472e-af18-ec599b2cf5f9","local_time":"20230208180701","is_ascension_mode":true,"campfire_choices":[{"floor":6.0,"key":"REST"},{"data":"Ball Lightning","floor":8.0,"key":"SMITH"},{"floor":13.0,"key":"REST"},{"data":"Zap","floor":15.0,"key":"SMITH"},{"floor":23.0,"key":"REST"},{"data":"Biased Cognition","floor":32.0,"key":"SMITH"},{"data":"Turbo","floor":40.0,"key":"SMITH"},{"data":"Sweeping Beam","floor":42.0,"key":"SMITH"},{"data":"Apotheosis","floor":49,"key":"SMITH"}],"neow_cost":"NONE","seed_source_timestamp":32871287683000,"circlet_count":0,"master_deck":["AscendersBane","Defend_B","Defend_B","Defend_B","Defend_B","Zap+1","Dualcast","Ball Lightning+1","Go for the Eyes","Rebound","Cold Snap","Biased Cognition+1","Ball Lightning","Reinforced Body","Conserve Battery","Sweeping Beam+1","Skim","Self Repair","Echo Form","Heatsinks+1","Turbo+1","Chill","Force Field+1","Static Discharge+1","Blind","Apotheosis+1","Double Energy"],"special_seed":0,"relics":["Cracked Core","Pen Nib","Strawberry","Orichalcum","Regal Pillow","Dream Catcher","SlaversCollar","CeramicFish","Matryoshka","Vajra","Bird Faced Urn","Cables","Mercury Hourglass","Runic Pyramid","Old Coin","Blood Vial","Boot","Du-Vu Doll","Lantern","Bottled Lightning","Bottled Tornado"],"potions_floor_usage":[50,50],"damage_taken":[{"damage":7.0,"enemies":"Jaw Worm","floor":1.0,"turns":3.0},{"damage":7.0,"enemies":"Small Slimes","floor":2.0,"turns":2.0},{"damage":1.0,"enemies":"2 Louse","floor":3.0,"turns":2.0},{"damage":24.0,"enemies":"Lots of Slimes","floor":4.0,"turns":4.0},{"damage":13.0,"enemies":"Exordium Thugs","floor":7.0,"turns":4.0},{"damage":24.0,"enemies":"3 Sentries","floor":10.0,"turns":6.0},{"damage":2.0,"enemies":"Blue Slaver","floor":11.0,"turns":2.0},{"damage":4.0,"enemies":"Slime Boss","floor":16.0,"turns":7.0},{"damage":5.0,"enemies":"Shell Parasite","floor":18.0,"turns":5.0},{"damage":9.0,"enemies":"3 Byrds","floor":21.0,"turns":3.0},{"damage":12.0,"enemies":"Snake Plant","floor":22.0,"turns":3.0},{"damage":28.0,"enemies":"Slavers","floor":24.0,"turns":5.0},{"damage":32.0,"enemies":"Book of Stabbing","floor":27.0,"turns":5.0},{"damage":21.0,"enemies":"Snecko","floor":31.0,"turns":4.0},{"damage":67.0,"enemies":"Automaton","floor":33.0,"turns":12.0},{"damage":6.0,"enemies":"Orb Walker","floor":35.0,"turns":3.0},{"damage":33.0,"enemies":"3 Darklings","floor":36.0,"turns":5.0},{"damage":29.0,"enemies":"Writhing Mass","floor":37.0,"turns":6.0},{"damage":3.0,"enemies":"Maw","floor":39.0,"turns":7.0},{"damage":36.0,"enemies":"Nemesis","floor":41.0,"turns":7.0},{"damage":20,"enemies":"Spire Growth","floor":44,"turns":5},{"damage":12,"enemies":"Mind Bloom Boss Battle","floor":45,"turns":5},{"damage":0,"enemies":"Giant Head","floor":48,"turns":8},{"damage":16,"enemies":"Time Eater","floor":50,"turns":11}],"seed_played":"4648037968621537244","potions_obtained":[{"floor":2.0,"key":"Regen Potion"},{"floor":3.0,"key":"Swift Potion"},{"floor":22.0,"key":"FearPotion"},{"floor":27.0,"key":"Weak Potion"},{"floor":33.0,"key":"BlessingOfTheForge"},{"floor":36.0,"key":"Weak Potion"},{"floor":37.0,"key":"ColorlessPotion"},{"floor":48,"key":"CultistPotion"}],"is_trial":false,"path_per_floor":["M","M","M","M","?","R","M","R","T","E","M","$","R","?","R","B",null,"M","?","$","M","M","R","E","T","T","E","?","?","?","M","R","B",null,"M","M","M","?","M","R","E","R","T","M","?","?","$","E","R","B",null],"character_chosen":"DEFECT","items_purchased":["Regal Pillow","Lantern","PotionOfCapacity","Bottled Lightning"],"campfire_rested":3,"item_purchase_floors":[12,47,47,47],"current_hp_per_floor":[57,50,49,37,30,51,38,38,45,21,19,19,57,46,46,42,69,64,64,64,55,43,78,50,50,50,29,29,29,88,74,74,18,71,80,62,57,57,78,78,66,66,66,72,88,78,78,88,88,88],"gold":103,"neow_bonus":"RANDOM_COMMON_RELIC","is_prod":false,"is_daily":false,"chose_seed":false,"campfire_upgraded":6,"win_rate":0,"timestamp":1675908421,"path_taken":["M","M","M","M","?","R","M","R","T","E","M","$","R","?","R","BOSS","M","?","$","?","M","R","E","?","T","E","?","?","?","M","R","BOSS","M","M","?","?","M","R","E","R","T","M","?","?","$","E","R","BOSS"],"build_version":"2022-12-18","purchased_purges":3,"victory":true,"max_hp_per_floor":[71,71,71,71,71,71,71,71,78,78,78,78,78,78,78,78,78,78,78,78,78,78,78,78,78,78,78,78,78,88,88,88,88,88,88,88,88,88,88,88,88,88,88,88,88,88,88,88,88,88],"relic_stats":{"Regal Pillow":27,"counters":[24,124],"CeramicFish":90,"Pen Nib":[24],"Orichalcum":[234],"Bottled Tornado":"Echo Form","Boot":[2],"Cables":[65,47,18,0,0],"Mercury Hourglass":[240],"Blood Vial":6,"Dream Catcher":1,"Matryoshka":2,"Bird Faced Urn":[94],"Bottled Lightning":"Apotheosis","obtain_stats":[{"Regal Pillow":12,"Lantern":47,"CeramicFish":24,"Vajra":26,"Pen Nib":0,"Orichalcum":10,"Bottled Tornado":48,"Boot":43,"Cables":27,"Mercury Hourglass":28,"Old Coin":41,"Blood Vial":43,"Du-Vu Doll":45,"SlaversCollar":17,"Dream Catcher":14,"Matryoshka":25,"Strawberry":9,"Bird Faced Urn":26,"Bottled Lightning":47,"Cracked Core":0,"Runic Pyramid":34},{"Regal Pillow":7,"Lantern":22,"CeramicFish":12,"Vajra":12,"Pen Nib":0,"Orichalcum":6,"Bottled Tornado":23,"Boot":20,"Cables":13,"Mercury Hourglass":13,"Old Coin":20,"Blood Vial":20,"Du-Vu Doll":22,"SlaversCollar":8,"Dream Catcher":7,"Matryoshka":12,"Strawberry":5,"Bird Faced Urn":12,"Bottled Lightning":22,"Cracked Core":0,"Runic Pyramid":15},{"Regal Pillow":23,"Lantern":105,"CeramicFish":46,"Vajra":46,"Pen Nib":0,"Orichalcum":21,"Bottled Tornado":113,"Boot":95,"Cables":51,"Mercury Hourglass":51,"Old Coin":95,"Blood Vial":95,"Du-Vu Doll":105,"SlaversCollar":30,"Dream Catcher":23,"Matryoshka":46,"Strawberry":15,"Bird Faced Urn":46,"Bottled Lightning":105,"Cracked Core":0,"Runic Pyramid":67}]},"card_choices":[{"not_picked":["Rebound","Lockon"],"picked":"Ball Lightning","floor":1.0},{"not_picked":["Beam Cell","Hologram"],"picked":"Go for the Eyes","floor":2.0},{"not_picked":["Turbo","Hello World"],"picked":"Rebound","floor":3.0},{"not_picked":["Gash","Stack"],"picked":"Cold Snap","floor":4.0},{"not_picked":["Go for the Eyes","Beam Cell","Force Field"],"picked":"SKIP","floor":7.0},{"not_picked":["Double Energy","White Noise"],"picked":"Biased Cognition","floor":10.0},{"not_picked":["Tempest","Beam Cell"],"picked":"Ball Lightning","floor":11.0},{"not_picked":["All For One","Reboot"],"picked":"Machine Learning","floor":16.0},{"not_picked":["Steam","Auto Shields"],"picked":"Reinforced Body","floor":18.0},{"not_picked":["Lockon","Hologram"],"picked":"Conserve Battery","floor":21.0},{"not_picked":["Gash","Steam"],"picked":"Sweeping Beam","floor":22.0},{"not_picked":["Force Field+1","Leap"],"picked":"Skim","floor":23.0},{"not_picked":["Double Energy","Tempest"],"picked":"Self Repair","floor":24.0},{"not_picked":["Sunder","Steam","Reboot"],"picked":"SKIP","floor":27.0},{"not_picked":["Sunder","Turbo","Tempest"],"picked":"SKIP","floor":31.0},{"not_picked":["All For One","Buffer"],"picked":"Echo Form","floor":33.0},{"not_picked":["Steam","Double Energy"],"picked":"Heatsinks+1","floor":35.0},{"not_picked":["Glacier","Conserve Battery+1"],"picked":"Turbo","floor":36.0},{"not_picked":["Leap","Auto Shields"],"picked":"Chill","floor":37.0},{"not_picked":["Steam","Heatsinks","Hologram"],"picked":"SKIP","floor":39.0},{"not_picked":["Storm","Gash"],"picked":"Force Field+1","floor":41.0},{"not_picked":["Hologram","Tempest","Genetic Algorithm"],"picked":"SKIP","floor":44},{"not_picked":["Lockon","Heatsinks"],"picked":"Static Discharge+1","floor":45},{"not_picked":["Mayhem","Panache"],"picked":"Blind","floor":46},{"not_picked":["Blind","Panacea"],"picked":"Apotheosis","floor":46},{"not_picked":["Sunder","Conserve Battery+1"],"picked":"Double Energy","floor":48}],"player_experience":5508375,"relics_obtained":[{"floor":9.0,"key":"Strawberry"},{"floor":10.0,"key":"Orichalcum"},{"floor":24.0,"key":"CeramicFish"},{"floor":25.0,"key":"Matryoshka"},{"floor":26.0,"key":"Vajra"},{"floor":26.0,"key":"Bird Faced Urn"},{"floor":27.0,"key":"Cables"},{"floor":41.0,"key":"Old Coin"},{"floor":43.0,"key":"Blood Vial"},{"floor":43.0,"key":"Boot"},{"floor":45,"key":"Du-Vu Doll"},{"floor":48,"key":"Bottled Tornado"}],"event_choices":[{"cards_removed":["Strike_B"],"damage_healed":0.0,"max_hp_gain":0.0,"max_hp_loss":0.0,"gold_gain":0.0,"event_name":"Golden Wing","player_choice":"Card Removal","floor":5.0,"gold_loss":0.0,"damage_taken":7.0},{"damage_healed":0.0,"max_hp_gain":0.0,"max_hp_loss":0.0,"gold_gain":0.0,"event_name":"Scrap Ooze","player_choice":"Success","floor":14.0,"gold_loss":0.0,"damage_taken":11.0,"relics_obtained":["Dream Catcher"]},{"damage_healed":0.0,"max_hp_gain":0.0,"max_hp_loss":0.0,"gold_gain":0.0,"cards_transformed":["Strike_B"],"event_name":"Transmorgrifier","player_choice":"Transformed","floor":19.0,"gold_loss":0.0,"damage_taken":0.0,"cards_obtained":["Beam Cell"]},{"damage_healed":0.0,"max_hp_gain":0.0,"max_hp_loss":0.0,"gold_gain":0.0,"event_name":"Addict","player_choice":"Obtained Relic","floor":28.0,"gold_loss":85.0,"damage_taken":0.0,"relics_obtained":["Mercury Hourglass"]},{"damage_healed":0.0,"max_hp_gain":0.0,"max_hp_loss":0.0,"gold_gain":0.0,"event_name":"The Mausoleum","player_choice":"Ignored","floor":29.0,"gold_loss":0.0,"damage_taken":0.0},{"cards_removed":["Machine Learning"],"damage_healed":49.0,"max_hp_gain":10.0,"max_hp_loss":0.0,"gold_gain":0.0,"event_name":"Bonfire Elementals","player_choice":"Offered Rare","floor":30.0,"gold_loss":0.0,"damage_taken":0.0},{"damage_healed":0.0,"max_hp_gain":0.0,"max_hp_loss":0.0,"gold_gain":0.0,"event_name":"Mysterious Sphere","player_choice":"Ignored","floor":38.0,"gold_loss":0.0,"damage_taken":0.0},{"damage_healed":0,"gold_gain":0,"player_choice":"Fight","damage_taken":0,"max_hp_gain":0,"max_hp_loss":0,"event_name":"MindBloom","floor":45,"gold_loss":0},{"damage_healed":0,"gold_gain":0,"player_choice":"Memory 3","damage_taken":10,"max_hp_gain":0,"max_hp_loss":0,"event_name":"SensoryStone","floor":46,"gold_loss":0}],"is_beta":false,"boss_relics":[{"not_picked":["Ectoplasm","Coffee Dripper"],"picked":"SlaversCollar"},{"not_picked":["Black Star","Astrolabe"],"picked":"Runic Pyramid"}],"items_purged_floors":[12,20,47],"is_endless":false,"potions_floor_spawned":[2,3,22,27,33,36,37,48],"ascension_level":15}