{"gold_per_floor":[219,219,219,219,231,231,260,275,300,358,368,388,388,187,187,258,258,272,287,301,40,51,51,82,95,95,95,95,128,153,168,168,242,242,256,32,32,32,46,46,46,46,69,69,81,81,110,121,121,121],"floor_reached":51,"playtime":2055,"items_purged":["Strike_B","Strike_B","Strike_B"],"score":1258,"play_id":"3e19547e-272f-405f-abfd-64281a98cd03","local_time":"20230202174851","is_ascension_mode":true,"campfire_choices":[{"data":"Static Discharge","floor":6.0,"key":"SMITH"},{"floor":13.0,"key":"REST"},{"data":"Barrage","floor":15.0,"key":"SMITH"},{"floor":23.0,"key":"REST"},{"floor":28,"key":"REST"},{"floor":32,"key":"REST"},{"floor":40,"key":"REST"},{"data":"Seek","floor":42,"key":"SMITH"},{"floor":46,"key":"REST"},{"floor":49,"key":"REST"}],"neow_cost":"NONE","seed_source_timestamp":29614434834800,"circlet_count":0,"master_deck":["AscendersBane","Strike_B+1","Defend_B","Defend_B","Defend_B","Defend_B","Zap+1","Dualcast","Sweeping Beam+1","Static Discharge+1","Barrage+1","Seek","Recycle","Skim","Cold Snap","Undo","Electrodynamics","Glacier","Storm","Leap","Finesse","Loop+1","Conserve Battery","Capacitor+1","Ball Lightning+1","Echo Form","Apotheosis+1","Seek+1","Coolheaded+1","Dark Shackles","Stack","Buffer"],"special_seed":0,"relics":["Cracked Core","Juzu Bracelet","Regal Pillow","Blue Candle","SacredBark","Smiling Mask","Question Card","Ornamental Fan","Red Mask","Nuclear Battery","Boot","Bag of Marbles"],"potions_floor_usage":[24,31,33,35,50,50],"damage_taken":[{"damage":1.0,"enemies":"Small Slimes","floor":1.0,"turns":4.0},{"damage":5.0,"enemies":"2 Louse","floor":5.0,"turns":2.0},{"damage":15.0,"enemies":"3 Sentries","floor":7.0,"turns":4.0},{"damage":7.0,"enemies":"Jaw Worm","floor":8.0,"turns":3.0},{"damage":10.0,"enemies":"Gremlin Nob","floor":10.0,"turns":3.0},{"damage":7.0,"enemies":"2 Fungi Beasts","floor":11.0,"turns":2.0},{"damage":3.0,"enemies":"Blue Slaver","floor":12.0,"turns":3.0},{"damage":29.0,"enemies":"The Guardian","floor":16.0,"turns":8.0},{"damage":2.0,"enemies":"3 Byrds","floor":18.0,"turns":1.0},{"damage":23.0,"enemies":"Shell Parasite","floor":19.0,"turns":6.0},{"damage":19.0,"enemies":"Chosen and Byrds","floor":20.0,"turns":6.0},{"damage":1.0,"enemies":"3 Cultists","floor":22.0,"turns":3.0},{"damage":0,"enemies":"Gremlin Leader","floor":24,"turns":5},{"damage":30,"enemies":"Shelled Parasite and Fungi","floor":25,"turns":9},{"damage":38,"enemies":"Book of Stabbing","floor":29,"turns":5},{"damage":19,"enemies":"Masked Bandits","floor":30,"turns":4},{"damage":9,"enemies":"Snecko","floor":31,"turns":8},{"damage":66,"enemies":"Collector","floor":33,"turns":10},{"damage":13,"enemies":"Orb Walker","floor":35,"turns":4},{"damage":19,"enemies":"3 Shapes","floor":39,"turns":3},{"damage":9,"enemies":"Maw","floor":45,"turns":7},{"damage":55,"enemies":"Reptomancer","floor":47,"turns":6},{"damage":13,"enemies":"Jaw Worm Horde","floor":48,"turns":4},{"damage":33,"enemies":"Time Eater","floor":50,"turns":13}],"seed_played":"-4817282593164021896","potions_obtained":[{"floor":5.0,"key":"Regen Potion"},{"floor":7.0,"key":"SteroidPotion"},{"floor":11.0,"key":"ColorlessPotion"},{"floor":16.0,"key":"DuplicationPotion"},{"floor":19.0,"key":"Explosive Potion"},{"floor":31,"key":"BlessingOfTheForge"},{"floor":33,"key":"Swift Potion"},{"floor":39,"key":"Strength Potion"},{"floor":48,"key":"AttackPotion"}],"is_trial":false,"path_per_floor":["M","?","?","?","M","R","E","M","T","?","M","M","R","$","R","B",null,"M","M","M","$","M","R","E","M","T","?","R","E","?","M","R","B",null,"M","$","?","?","M","R","?","R","T","?","M","R","E","M","R","B",null],"character_chosen":"DEFECT","items_purchased":["Undo","Strength Potion","Regen Potion","Finesse","Apotheosis"],"campfire_rested":7,"item_purchase_floors":[14,14,21,21,36],"current_hp_per_floor":[63,68,45,45,40,40,37,30,30,20,13,10,47,47,47,18,62,60,37,18,18,17,54,54,24,24,24,61,23,4,44,76,10,60,47,47,47,47,28,65,65,65,65,65,56,76,21,8,45,12],"gold":121,"neow_bonus":"HUNDRED_GOLD","is_prod":false,"is_daily":false,"chose_seed":false,"campfire_upgraded":3,"win_rate":0,"timestamp":1675388931,"path_taken":["M","?","?","?","M","R","E","M","T","?","M","M","R","$","R","BOSS","M","M","M","$","M","R","E","M","T","?","R","E","?","M","R","BOSS","M","$","?","?","M","R","?","R","T","?","M","R","E","M","R","BOSS"],"build_version":"2022-12-18","purchased_purges":3,"victory":true,"max_hp_per_floor":[71,76,76,76,76,76,76,76,76,76,76,76,76,76,76,76,76,76,76,76,76,76,76,76,76,76,76,76,76,76,76,76,76,76,76,76,76,76,76,76,76,76,76,76,76,76,76,76,76,76],"relic_stats":{"Regal Pillow":85,"counters":[24,123],"Ornamental Fan":[4],"Blue Candle":[0],"Juzu Bracelet":2,"Smiling Mask":75,"Question Card":10,"Boot":[1],"obtain_stats":[{"Regal Pillow":9,"Ornamental Fan":29,"Blue Candle":10,"SacredBark":17,"Juzu Bracelet":7,"Red Mask":30,"Bag of Marbles":47,"Cracked Core":0,"Smiling Mask":24,"Question Card":26,"Boot":43,"Nuclear Battery":34},{"Regal Pillow":4,"Ornamental Fan":15,"Blue Candle":5,"SacredBark":8,"Juzu Bracelet":3,"Red Mask":16,"Bag of Marbles":22,"Cracked Core":0,"Smiling Mask":13,"Question Card":14,"Boot":20,"Nuclear Battery":18},{"Regal Pillow":13,"Ornamental Fan":64,"Blue Candle":16,"SacredBark":29,"Juzu Bracelet":10,"Red Mask":68,"Bag of Marbles":106,"Cracked Core":0,"Smiling Mask":50,"Question Card":59,"Boot":93,"Nuclear Battery":86}]},"card_choices":[{"not_picked":["Steam","FTL"],"picked":"Sweeping Beam","floor":1.0},{"not_picked":["Turbo","Hologram"],"picked":"Static Discharge","floor":5.0},{"not_picked":["Coolheaded","Reprogram"],"picked":"Barrage","floor":7.0},{"not_picked":["Barrage","Compile Driver"],"picked":"Seek","floor":8.0},{"not_picked":["Barrage","Chaos"],"picked":"Recycle","floor":10.0},{"not_picked":["Fusion","Scrape"],"picked":"Skim","floor":11.0},{"not_picked":["Barrage","Double Energy"],"picked":"Cold Snap","floor":12.0},{"not_picked":["Amplify","Buffer"],"picked":"Electrodynamics","floor":16.0},{"not_picked":["Cold Snap","Gash+1"],"picked":"Glacier","floor":18.0},{"not_picked":["Gash","Double Energy","Storm"],"picked":"SKIP","floor":19.0},{"not_picked":["Gash","Double Energy"],"picked":"Storm","floor":19.0},{"not_picked":["Go for the Eyes","Blizzard"],"picked":"Leap","floor":20.0},{"not_picked":["Heatsinks","Coolheaded","Chaos"],"picked":"SKIP","floor":22.0},{"not_picked":["Heatsinks","Leap","Hello World+1"],"picked":"SKIP","floor":24},{"not_picked":["Glacier","Amplify"],"picked":"Loop+1","floor":25},{"not_picked":["Beam Cell","Rip and Tear","Stack"],"picked":"Conserve Battery","floor":29},{"not_picked":["Tempest","Sweeping Beam+1","Turbo"],"picked":"Capacitor+1","floor":30},{"not_picked":["Stack","Sweeping Beam","Lockon"],"picked":"Ball Lightning+1","floor":31},{"not_picked":["Amplify","Fission","Core Surge"],"picked":"Echo Form","floor":33},{"not_picked":["Doom and Gloom","Conserve Battery","Rebound","Beam Cell"],"picked":"SKIP","floor":35},{"not_picked":["Storm","Steam+1","Streamline"],"picked":"Coolheaded+1","floor":39},{"not_picked":["Blind","Madness","Secret Technique"],"picked":"Dark Shackles","floor":44},{"not_picked":["Conserve Battery+1","Hologram","Darkness","Go for the Eyes"],"picked":"SKIP","floor":45},{"not_picked":["Rebound","Go for the Eyes","Leap"],"picked":"Stack","floor":47},{"not_picked":["Rebound","Leap","Reprogram"],"picked":"Buffer","floor":48}],"player_experience":5478773,"relics_obtained":[{"floor":7.0,"key":"Juzu Bracelet"},{"floor":9.0,"key":"Regal Pillow"},{"floor":10.0,"key":"Blue Candle"},{"floor":24,"key":"Smiling Mask"},{"floor":26,"key":"Question Card"},{"floor":29,"key":"Ornamental Fan"},{"floor":30,"key":"Red Mask"},{"floor":43,"key":"Boot"},{"floor":47,"key":"Bag of Marbles"}],"event_choices":[{"damage_healed":0.0,"max_hp_gain":5.0,"max_hp_loss":0.0,"gold_gain":0.0,"event_name":"Big Fish","player_choice":"Donut","floor":2.0,"gold_loss":0.0,"damage_taken":0.0},{"damage_healed":0.0,"max_hp_gain":0.0,"max_hp_loss":0.0,"gold_gain":0.0,"event_name":"Shining Light","player_choice":"Entered Light","floor":3.0,"gold_loss":0.0,"damage_taken":23.0,"cards_upgraded":["Strike_B","Zap"]},{"damage_healed":0.0,"max_hp_gain":0.0,"max_hp_loss":0.0,"gold_gain":0.0,"event_name":"Living Wall","player_choice":"Grow","floor":4.0,"gold_loss":0.0,"damage_taken":0.0,"cards_upgraded":["Sweeping Beam"]},{"damage_healed":0.0,"max_hp_gain":0.0,"max_hp_loss":0.0,"gold_gain":0.0,"event_name":"Dead Adventurer","player_choice":"Searched \u00271\u0027 times","floor":10.0,"gold_loss":0.0,"damage_taken":0.0},{"damage_healed":0,"gold_gain":0,"player_choice":"Ignored","damage_taken":0,"max_hp_gain":0,"max_hp_loss":0,"event_name":"The Mausoleum","floor":27,"gold_loss":0},{"damage_healed":0,"gold_gain":0,"player_choice":"Fought Bandits","damage_taken":0,"max_hp_gain":0,"max_hp_loss":0,"event_name":"Masked Bandits","floor":30,"gold_loss":0},{"damage_healed":0,"gold_gain":0,"player_choice":"Copied","damage_taken":0,"max_hp_gain":0,"max_hp_loss":0,"event_name":"Duplicator","floor":37,"gold_loss":0,"cards_obtained":["Seek"]},{"damage_healed":0,"gold_gain":0,"player_choice":"Ignored","damage_taken":0,"max_hp_gain":0,"max_hp_loss":0,"event_name":"Mysterious Sphere","floor":38,"gold_loss":0},{"damage_healed":0,"gold_gain":0,"player_choice":"Upgraded","damage_taken":0,"max_hp_gain":0,"max_hp_loss":0,"event_name":"Upgrade Shrine","floor":41,"gold_loss":0,"cards_upgraded":["Apotheosis"]},{"damage_healed":0,"gold_gain":0,"player_choice":"Memory 1","damage_taken":0,"max_hp_gain":0,"max_hp_loss":0,"event_name":"SensoryStone","floor":44,"gold_loss":0}],"is_beta":false,"boss_relics":[{"not_picked":["Busted Crown","FrozenCore"],"picked":"SacredBark"},{"not_picked":["Pandora\u0027s Box","SlaversCollar"],"picked":"Nuclear Battery"}],"items_purged_floors":[14,21,36],"is_endless":false,"potions_floor_spawned":[5,7,11,16,19,20,31,33,39,48],"ascension_level":15}