{"gold_per_floor":[17,32,32,43,43,43,76,56,56,70,70,96,96,116,116,193,193,209,209,221,231,231],"floor_reached":22,"playtime":629,"items_purged":[],"score":343,"play_id":"fba14742-e9fc-4a56-bc93-8f5cae9d9e20","local_time":"20230206190341","is_ascension_mode":true,"campfire_choices":[{"data":"Defragment","floor":6.0,"key":"SMITH"},{"floor":11,"key":"REST"},{"data":"Barrage","floor":13,"key":"SMITH"},{"data":"Lockon","floor":15,"key":"SMITH"}],"neow_cost":"NO_GOLD","seed_source_timestamp":35101839442300,"circlet_count":0,"master_deck":["AscendersBane","Strike_B","Strike_B","Strike_B","Defend_B","Defend_B","Defend_B","Defend_B","Zap","Dualcast","Rainbow","Leap","Coolheaded","Defragment+1","Lockon+1","Barrage+1","Creative AI","Machine Learning","CurseOfTheBell","Reinforced Body","Pain","Capacitor+1","Compile Driver"],"special_seed":0,"relics":["Cracked Core","Bottled Lightning","Strawberry","Calling Bell","MealTicket","Ornamental Fan","CaptainsWheel","WarpedTongs"],"potions_floor_usage":[10,16,18,21],"damage_taken":[{"damage":2.0,"enemies":"Jaw Worm","floor":1.0,"turns":3.0},{"damage":1.0,"enemies":"Small Slimes","floor":2.0,"turns":3.0},{"damage":0.0,"enemies":"Cultist","floor":4.0,"turns":3.0},{"damage":40.0,"enemies":"Gremlin Nob","floor":7.0,"turns":5.0},{"damage":0,"enemies":"Exordium Thugs","floor":10,"turns":5},{"damage":2,"enemies":"Lagavulin","floor":12,"turns":6},{"damage":2,"enemies":"2 Fungi Beasts","floor":14,"turns":5},{"damage":29,"enemies":"Slime Boss","floor":16,"turns":5},{"damage":20,"enemies":"2 Thieves","floor":18,"turns":5},{"damage":15,"enemies":"Shell Parasite","floor":20,"turns":8},{"damage":14,"enemies":"3 Cultists","floor":21,"turns":4},{"damage":21,"enemies":"Centurion and Healer","floor":22,"turns":1}],"seed_played":"5628663214890348530","potions_obtained":[{"floor":1.0,"key":"EssenceOfSteel"},{"floor":2.0,"key":"EssenceOfSteel"},{"floor":12,"key":"Explosive Potion"},{"floor":16,"key":"FocusPotion"},{"floor":20,"key":"ColorlessPotion"},{"floor":21,"key":"SteroidPotion"}],"is_trial":false,"path_per_floor":["M","M","?","M","?","R","E","?","T","M","R","E","R","M","R","B",null,"M","?","M","M","M"],"character_chosen":"DEFECT","items_purchased":[],"campfire_rested":1,"item_purchase_floors":[],"current_hp_per_floor":[62,61,61,61,61,61,21,21,21,21,42,47,47,45,45,16,63,43,43,28,14,0],"gold":231,"neow_bonus":"THREE_RARE_CARDS","is_prod":false,"is_daily":false,"chose_seed":false,"campfire_upgraded":3,"win_rate":0,"timestamp":1675739021,"path_taken":["M","M","?","M","?","R","E","?","T","M","R","E","R","M","R","BOSS","M","?","M","M","?"],"build_version":"2022-12-18","purchased_purges":0,"victory":false,"max_hp_per_floor":[71,71,71,71,71,71,71,71,71,71,71,78,78,78,78,78,78,78,78,78,78,78],"relic_stats":{"counters":[12,53],"Ornamental Fan":[0],"MealTicket":0,"Bottled Lightning":"Rainbow","obtain_stats":[{"Calling Bell":17,"CaptainsWheel":17,"Ornamental Fan":17,"Strawberry":12,"MealTicket":17,"Bottled Lightning":7,"Cracked Core":0,"WarpedTongs":19},{"Calling Bell":8,"CaptainsWheel":8,"Ornamental Fan":8,"Strawberry":6,"MealTicket":8,"Bottled Lightning":4,"Cracked Core":0,"WarpedTongs":9},{"Calling Bell":35,"CaptainsWheel":35,"Ornamental Fan":35,"Strawberry":25,"MealTicket":35,"Bottled Lightning":14,"Cracked Core":0,"WarpedTongs":40}],"WarpedTongs":[13]},"card_choices":[{"not_picked":["Creative AI","Core Surge"],"picked":"Rainbow","floor":0.0},{"not_picked":["Static Discharge","Stack"],"picked":"Leap","floor":1.0},{"not_picked":["Turbo","Hologram"],"picked":"Coolheaded","floor":2.0},{"not_picked":["Rebound","Chaos"],"picked":"Defragment","floor":4.0},{"not_picked":["Consume","Meteor Strike"],"picked":"Lockon","floor":7.0},{"not_picked":["Gash","Heatsinks"],"picked":"Barrage","floor":10},{"not_picked":["Beam Cell","Streamline"],"picked":"Creative AI","floor":12},{"not_picked":["Hologram","Redo","Coolheaded"],"picked":"SKIP","floor":14},{"not_picked":["Meteor Strike","Amplify"],"picked":"Machine Learning","floor":16},{"not_picked":["Rip and Tear","Rebound"],"picked":"Reinforced Body","floor":18},{"not_picked":["Rebound","Coolheaded"],"picked":"Capacitor+1","floor":20},{"not_picked":["Conserve Battery","Rebound"],"picked":"Compile Driver","floor":21}],"player_experience":5499776,"relics_obtained":[{"floor":7.0,"key":"Bottled Lightning"},{"floor":12,"key":"Strawberry"},{"floor":17,"key":"MealTicket"},{"floor":17,"key":"Ornamental Fan"},{"floor":17,"key":"CaptainsWheel"}],"event_choices":[{"cards_removed":["Strike_B"],"damage_healed":0.0,"max_hp_gain":0.0,"max_hp_loss":0.0,"gold_gain":0.0,"event_name":"Living Wall","player_choice":"Forget","floor":3.0,"gold_loss":0.0,"damage_taken":0.0},{"damage_healed":0.0,"max_hp_gain":0.0,"max_hp_loss":0.0,"gold_gain":0.0,"event_name":"The Cleric","player_choice":"Leave","floor":5.0,"gold_loss":0.0,"damage_taken":0.0},{"damage_healed":0.0,"max_hp_gain":0.0,"max_hp_loss":0.0,"gold_gain":0.0,"event_name":"The Woman in Blue","player_choice":"Bought 1 Potion","floor":8.0,"gold_loss":0.0,"damage_taken":0.0},{"damage_healed":0,"gold_gain":0,"player_choice":"Rummage","damage_taken":0,"relics_obtained":["WarpedTongs"],"max_hp_gain":0,"max_hp_loss":0,"event_name":"Accursed Blacksmith","floor":19,"gold_loss":0,"cards_obtained":["Pain"]}],"is_beta":false,"boss_relics":[{"not_picked":["Cursed Key","Fusion Hammer"],"picked":"Calling Bell"}],"items_purged_floors":[],"is_endless":false,"potions_floor_spawned":[1,2,12,16,20,21],"killed_by":"Centurion and Healer","ascension_level":15}