{"gold_per_floor":[20,38,113,123,123,158,170,205,205,225,225,286,286,9,9,86,86,100,150,200,39,89,116,98,117,142,177,194,261,273,307,307,384,384,398,414,11,24,74,74,105,105,152,196,221,250,280,320,332,344],"floor_reached":51,"playtime":2752,"items_purged":["Strike_B","Dualcast"],"score":1637,"play_id":"98119c45-591d-4989-b880-3cf1fa92107f","local_time":"20230206195045","is_ascension_mode":true,"campfire_choices":[{"data":"Zap","floor":11.0,"key":"SMITH"},{"floor":15,"key":"REST"},{"floor":32,"key":"REST"},{"data":"Heatsinks","floor":40,"key":"SMITH"},{"data":"Biased Cognition","floor":42,"key":"SMITH"},{"data":"Capacitor","floor":49,"key":"SMITH"}],"neow_cost":"NO_GOLD","seed_source_timestamp":35815769986900,"circlet_count":0,"master_deck":["AscendersBane","Defend_B+1","Defend_B+1","Defend_B+1","Defend_B+1","Zap+1","Coolheaded","Doom and Gloom","Ball Lightning","Melter","Skim","Compile Driver","Echo Form","Undo+1","Auto Shields+1","Hello World+1","Lockon","Capacitor","Chill","Heatsinks+1","Rainbow","Compile Driver","Machine Learning","Biased Cognition+1","Capacitor+1","Barrage+1","FTL","Panacea","Sweeping Beam+1","Double Energy+1","Storm","Go for the Eyes+1","Force Field+1"],"special_seed":0,"relics":["Cracked Core","Thread and Needle","Bag of Marbles","Ancient Tea Set","Potion Belt","Mummified Hand","SsserpentHead","Anchor","Astrolabe","Vajra","Bag of Preparation","Happy Flower","Regal Pillow","Nuclear Battery","HornCleat","Mercury Hourglass","MawBank","Centennial Puzzle","DataDisk"],"potions_floor_usage":[16,18,27,33,41,50,50,50,50],"damage_taken":[{"damage":0.0,"enemies":"2 Louse","floor":1.0,"turns":3.0},{"damage":0.0,"enemies":"Jaw Worm","floor":2.0,"turns":4.0},{"damage":2.0,"enemies":"Small Slimes","floor":4.0,"turns":3.0},{"damage":30.0,"enemies":"3 Sentries","floor":6.0,"turns":6.0},{"damage":3.0,"enemies":"Red Slaver","floor":7.0,"turns":4.0},{"damage":4.0,"enemies":"Gremlin Nob","floor":8.0,"turns":3.0},{"damage":0.0,"enemies":"2 Fungi Beasts","floor":10.0,"turns":3.0},{"damage":6.0,"enemies":"Gremlin Nob","floor":12.0,"turns":3.0},{"damage":14,"enemies":"The Guardian","floor":16,"turns":11},{"damage":3,"enemies":"2 Thieves","floor":18,"turns":4},{"damage":2,"enemies":"Book of Stabbing","floor":23,"turns":9},{"damage":4,"enemies":"Shell Parasite","floor":25,"turns":6},{"damage":0,"enemies":"Slavers","floor":27,"turns":5},{"damage":10,"enemies":"Snake Plant","floor":28,"turns":5},{"damage":2,"enemies":"Shelled Parasite and Fungi","floor":29,"turns":6},{"damage":0,"enemies":"3 Cultists","floor":30,"turns":6},{"damage":8,"enemies":"Book of Stabbing","floor":31,"turns":4},{"damage":32,"enemies":"Collector","floor":33,"turns":9},{"damage":6,"enemies":"3 Darklings","floor":35,"turns":3},{"damage":3,"enemies":"Orb Walker","floor":36,"turns":3},{"damage":0,"enemies":"Maw","floor":38,"turns":5},{"damage":0,"enemies":"Nemesis","floor":41,"turns":5},{"damage":0,"enemies":"Giant Head","floor":44,"turns":4},{"damage":0,"enemies":"3 Darklings","floor":45,"turns":3},{"damage":0,"enemies":"Transient","floor":46,"turns":5},{"damage":0,"enemies":"Maw","floor":47,"turns":4},{"damage":0,"enemies":"Reptomancer","floor":48,"turns":3},{"damage":0,"enemies":"Donu and Deca","floor":50,"turns":5}],"seed_played":"-1538660316012440493","potions_obtained":[{"floor":6.0,"key":"SneckoOil"},{"floor":7.0,"key":"ColorlessPotion"},{"floor":8.0,"key":"DuplicationPotion"},{"floor":10.0,"key":"DuplicationPotion"},{"floor":12.0,"key":"Explosive Potion"},{"floor":25,"key":"Strength Potion"},{"floor":31,"key":"CultistPotion"},{"floor":38,"key":"BlessingOfTheForge"},{"floor":41,"key":"BlessingOfTheForge"},{"floor":44,"key":"PowerPotion"}],"is_trial":false,"path_per_floor":["M","M","?","M","?","E","M","E","T","M","R","?","?","$","R","B",null,"M","?","?","$","?","E","$","M","T","E","M","M","M","E","R","B",null,"M","M","$","M","?","R","E","R","T","E","M","M","M","E","R","B",null],"character_chosen":"DEFECT","items_purchased":["Anchor","Compile Driver","Capacitor","Chill","Heatsinks","HornCleat","Energy Potion"],"campfire_rested":2,"item_purchase_floors":[14,14,21,21,24,37,37],"current_hp_per_floor":[64,64,53,51,56,26,23,19,19,19,19,13,13,13,35,21,62,59,59,59,59,59,57,57,53,53,53,43,41,41,33,70,38,67,61,58,58,58,58,58,58,58,58,58,58,58,58,58,58,58],"gold":356,"neow_bonus":"ONE_RARE_RELIC","is_prod":false,"is_daily":false,"chose_seed":false,"campfire_upgraded":4,"win_rate":0,"timestamp":1675741845,"path_taken":["M","M","?","M","?","E","?","E","T","M","R","?","?","$","R","BOSS","M","?","?","$","?","E","?","M","T","E","M","?","M","E","R","BOSS","M","M","$","M","?","R","E","R","T","E","M","M","M","E","R","BOSS"],"build_version":"2022-12-18","purchased_purges":2,"victory":true,"max_hp_per_floor":[71,71,71,71,76,76,76,76,76,76,76,76,76,76,76,76,76,76,76,76,76,76,76,76,76,76,76,76,76,76,76,76,76,76,76,76,76,76,76,76,76,76,76,76,76,76,76,76,76,76],"relic_stats":{"SsserpentHead":300,"Regal Pillow":15,"Centennial Puzzle":[0],"Happy Flower":[23],"counters":[28,134],"Mummified Hand":[136],"Astrolabe":["Undo","Auto Shields","Hello World"],"Bag of Preparation":[32],"Ancient Tea Set":[12],"MawBank":96,"obtain_stats":[{"Potion Belt":9,"Regal Pillow":31,"Happy Flower":27,"Astrolabe":17,"Vajra":23,"Thread and Needle":0,"Bag of Preparation":26,"Ancient Tea Set":8,"MawBank":43,"Nuclear Battery":34,"Mercury Hourglass":41,"SsserpentHead":13,"Anchor":14,"Centennial Puzzle":44,"DataDisk":48,"HornCleat":37,"Mummified Hand":12,"Bag of Marbles":6,"Cracked Core":0},{"Potion Belt":6,"Regal Pillow":17,"Happy Flower":13,"Astrolabe":9,"Vajra":11,"Thread and Needle":0,"Bag of Preparation":12,"Ancient Tea Set":6,"MawBank":22,"Nuclear Battery":18,"Mercury Hourglass":22,"SsserpentHead":8,"Anchor":8,"Centennial Puzzle":23,"DataDisk":27,"HornCleat":20,"Mummified Hand":7,"Bag of Marbles":4,"Cracked Core":0},{"Potion Belt":23,"Regal Pillow":85,"Happy Flower":64,"Astrolabe":40,"Vajra":53,"Thread and Needle":0,"Bag of Preparation":59,"Ancient Tea Set":23,"MawBank":110,"Nuclear Battery":94,"Mercury Hourglass":110,"SsserpentHead":29,"Anchor":29,"Centennial Puzzle":114,"DataDisk":129,"HornCleat":100,"Mummified Hand":26,"Bag of Marbles":16,"Cracked Core":0}],"Mercury Hourglass":[87]},"card_choices":[{"not_picked":["Streamline","Turbo"],"picked":"Coolheaded","floor":1.0},{"not_picked":["Coolheaded","Undo"],"picked":"Doom and Gloom","floor":2.0},{"not_picked":["Storm","Coolheaded","All For One"],"picked":"SKIP","floor":4.0},{"not_picked":["Compile Driver","Melter"],"picked":"Ball Lightning","floor":6.0},{"not_picked":["Hello World","Go for the Eyes"],"picked":"Melter","floor":7.0},{"not_picked":["Steam","Recycle"],"picked":"Skim","floor":8.0},{"not_picked":["Reprogram","Gash","Auto Shields"],"picked":"SKIP","floor":10.0},{"not_picked":["All For One","Multi-Cast"],"picked":"Echo Form","floor":16},{"not_picked":["Streamline","Lockon","Hologram"],"picked":"SKIP","floor":18},{"not_picked":["Streamline","Hologram"],"picked":"Lockon","floor":18},{"not_picked":["Compile Driver","Go for the Eyes","Turbo"],"picked":"SKIP","floor":23},{"not_picked":["Compile Driver","Go for the Eyes","Turbo"],"picked":"SKIP","floor":23},{"not_picked":["Sweeping Beam","Hologram"],"picked":"Rainbow","floor":25},{"not_picked":["Steam Power","Hello World+1"],"picked":"Compile Driver","floor":27},{"not_picked":["Sweeping Beam","Steam","Redo"],"picked":"SKIP","floor":28},{"not_picked":["Coolheaded","Darkness","Beam Cell"],"picked":"SKIP","floor":29},{"not_picked":["Compile Driver","Darkness"],"picked":"Machine Learning","floor":30},{"not_picked":["Tempest","Scrape","Turbo"],"picked":"SKIP","floor":31},{"not_picked":["Rainbow","Core Surge"],"picked":"Biased Cognition","floor":33},{"not_picked":["Darkness+1","Skim"],"picked":"Capacitor","floor":35},{"not_picked":["Tempest","Steam Power"],"picked":"Barrage+1","floor":36},{"not_picked":["Leap","Darkness"],"picked":"FTL","floor":38},{"not_picked":["Chrysalis","Swift Strike"],"picked":"Panacea","floor":39},{"not_picked":["Cold Snap","Turbo"],"picked":"Sweeping Beam+1","floor":41},{"not_picked":["Sweeping Beam","Beam Cell"],"picked":"Double Energy+1","floor":44},{"not_picked":["Cold Snap+1","Auto Shields"],"picked":"Storm","floor":45},{"not_picked":["Storm","Compile Driver"],"picked":"Go for the Eyes+1","floor":46},{"not_picked":["Streamline+1","Hologram"],"picked":"Force Field+1","floor":47},{"not_picked":["Leap+1","Consume","Cold Snap"],"picked":"SKIP","floor":48}],"player_experience":5500405,"relics_obtained":[{"floor":6.0,"key":"Bag of Marbles"},{"floor":8.0,"key":"Ancient Tea Set"},{"floor":9.0,"key":"Potion Belt"},{"floor":23,"key":"Vajra"},{"floor":26,"key":"Bag of Preparation"},{"floor":27,"key":"Happy Flower"},{"floor":31,"key":"Regal Pillow"},{"floor":41,"key":"Mercury Hourglass"},{"floor":43,"key":"MawBank"},{"floor":44,"key":"Centennial Puzzle"},{"floor":48,"key":"DataDisk"}],"event_choices":[{"damage_healed":0.0,"max_hp_gain":0.0,"max_hp_loss":0.0,"gold_gain":75.0,"event_name":"World of Goop","player_choice":"Gather Gold","floor":3.0,"gold_loss":0.0,"damage_taken":11.0},{"damage_healed":0.0,"max_hp_gain":5.0,"max_hp_loss":0.0,"gold_gain":0.0,"event_name":"Big Fish","player_choice":"Donut","floor":5.0,"gold_loss":0.0,"damage_taken":0.0},{"damage_healed":0.0,"max_hp_gain":0.0,"max_hp_loss":0.0,"gold_gain":0.0,"event_name":"Dead Adventurer","player_choice":"Searched \u00273\u0027 times","floor":12.0,"gold_loss":0.0,"damage_taken":0.0,"relics_obtained":["Mummified Hand"]},{"damage_healed":0.0,"max_hp_gain":0.0,"max_hp_loss":0.0,"gold_gain":0.0,"event_name":"FaceTrader","player_choice":"Trade","floor":13.0,"gold_loss":0.0,"damage_taken":0.0,"relics_obtained":["SsserpentHead"]},{"damage_healed":0,"gold_gain":0,"player_choice":"Simplicity","damage_taken":0,"max_hp_gain":0,"max_hp_loss":0,"event_name":"Back to Basics","floor":19,"gold_loss":0,"cards_upgraded":["Defend_B","Defend_B","Defend_B","Defend_B"]},{"damage_healed":0,"gold_gain":0,"player_choice":"Ignored","damage_taken":0,"max_hp_gain":0,"max_hp_loss":0,"event_name":"Vampires","floor":20,"gold_loss":0},{"damage_healed":0,"gold_gain":0,"player_choice":"Ignored","damage_taken":0,"max_hp_gain":0,"max_hp_loss":0,"event_name":"Ghosts","floor":22,"gold_loss":0},{"damage_healed":0,"gold_gain":0,"player_choice":"Memory 1","damage_taken":0,"max_hp_gain":0,"max_hp_loss":0,"event_name":"SensoryStone","floor":39,"gold_loss":0}],"is_beta":false,"boss_relics":[{"not_picked":["Inserter","Black Star"],"picked":"Astrolabe"},{"not_picked":["Runic Dome","Pandora\u0027s Box"],"picked":"Nuclear Battery"}],"items_purged_floors":[14,37],"is_endless":false,"potions_floor_spawned":[6,7,8,10,12,25,31,38,41,44,46,48],"ascension_level":15}