{"gold_per_floor":[118,118,132,150,150,150,150,179,179,196,73,92,92,102,102,179,179,194,194,45,59,69,69,69,69,69,95,95,95,23,40,40,117,117,136,136,90,109,122,122,122,102,102,102,122,142,3,3],"floor_reached":48,"playtime":1698,"items_purged":["Strike_B","Strike_B"],"score":875,"play_id":"1931ef0b-5679-4c2e-8f16-55de12a1f069","local_time":"20230206115126","is_ascension_mode":true,"campfire_choices":[{"data":"Fusion","floor":6.0,"key":"SMITH"},{"data":"Barrage","floor":15.0,"key":"SMITH"},{"data":"Recycle","floor":23.0,"key":"SMITH"},{"data":"Sweeping Beam","floor":25.0,"key":"SMITH"},{"data":"Buffer","floor":29.0,"key":"SMITH"},{"data":"Capacitor","floor":32.0,"key":"SMITH"},{"data":"Electrodynamics","floor":40.0,"key":"SMITH"},{"data":"Coolheaded","floor":41.0,"key":"SMITH"},{"data":"Barrage","floor":44.0,"key":"SMITH"}],"neow_cost":"NONE","seed_source_timestamp":8008929564600,"circlet_count":0,"master_deck":["AscendersBane","Defend_B","Defend_B","Defend_B","Defend_B","Zap","Dualcast","Fusion+1","Gash","Coolheaded+1","Compile Driver","Conserve Battery","Barrage+1","Capacitor+1","Core Surge","Compile Driver","Sweeping Beam+1","Undo","Recycle+1","Buffer+1","Glacier","Electrodynamics+1","Coolheaded+1","Violence","Barrage+1","Compile Driver+1","Good Instincts"],"special_seed":0,"relics":["Cracked Core","Du-Vu Doll","Pantograph","Coffee Dripper","WingedGreaves","Oddly Smooth Stone","Nuclear Battery","Potion Belt"],"potions_floor_usage":[48],"damage_taken":[{"damage":0.0,"enemies":"Small Slimes","floor":1.0,"turns":5.0},{"damage":2.0,"enemies":"Jaw Worm","floor":3.0,"turns":3.0},{"damage":0.0,"enemies":"Cultist","floor":4.0,"turns":4.0},{"damage":25.0,"enemies":"Lagavulin","floor":8.0,"turns":9.0},{"damage":16.0,"enemies":"3 Louse","floor":10.0,"turns":4.0},{"damage":5.0,"enemies":"Blue Slaver","floor":12.0,"turns":3.0},{"damage":8.0,"enemies":"Red Slaver","floor":14.0,"turns":4.0},{"damage":0.0,"enemies":"The Guardian","floor":16.0,"turns":9.0},{"damage":0.0,"enemies":"Spheric Guardian","floor":18.0,"turns":3.0},{"damage":0.0,"enemies":"Chosen","floor":21.0,"turns":4.0},{"damage":27.0,"enemies":"Snake Plant","floor":22.0,"turns":4.0},{"damage":32.0,"enemies":"Book of Stabbing","floor":27.0,"turns":7.0},{"damage":2.0,"enemies":"3 Cultists","floor":31.0,"turns":7.0},{"damage":21.0,"enemies":"Collector","floor":33.0,"turns":9.0},{"damage":5.0,"enemies":"Orb Walker","floor":35.0,"turns":3.0},{"damage":0.0,"enemies":"3 Darklings","floor":38.0,"turns":4.0},{"damage":33.0,"enemies":"4 Shapes","floor":39.0,"turns":5.0},{"damage":0.0,"enemies":"Jaw Worm Horde","floor":45.0,"turns":4.0},{"damage":0.0,"enemies":"3 Darklings","floor":46.0,"turns":6.0},{"damage":21,"enemies":"4 Shapes","floor":48,"turns":1}],"seed_played":"-7676753843734343932","potions_obtained":[{"floor":10.0,"key":"Ancient Potion"},{"floor":12.0,"key":"Swift Potion"},{"floor":16.0,"key":"AttackPotion"},{"floor":18.0,"key":"EssenceOfSteel"},{"floor":27.0,"key":"LiquidBronze"},{"floor":33.0,"key":"PotionOfCapacity"},{"floor":35.0,"key":"BlessingOfTheForge"},{"floor":42.0,"key":"EssenceOfSteel"},{"floor":45.0,"key":"SpeedPotion"}],"is_trial":false,"path_per_floor":["M","?","M","M","?","R","?","E","T","M","$","M","?","M","R","B",null,"M","?","$","M","M","R","?","R","T","E","?","R","$","M","R","B",null,"M","?","$","M","M","R","R","?","T","R","M","M","$","M"],"character_chosen":"DEFECT","items_purchased":["BlessingOfTheForge","Sweeping Beam","Glacier","Barrage","SpeedPotion","Good Instincts"],"campfire_rested":0,"item_purchase_floors":[11,20,30,37,47,47],"current_hp_per_floor":[64,64,62,62,62,62,71,46,46,30,30,25,25,17,17,42,64,64,64,64,64,37,37,37,37,37,5,5,5,5,3,3,7,55,50,50,50,50,17,17,17,17,17,17,17,17,17,0],"gold":3,"neow_bonus":"TRANSFORM_CARD","is_prod":false,"is_daily":false,"chose_seed":false,"campfire_upgraded":9,"win_rate":0,"timestamp":1675713086,"path_taken":["M","?","M","M","?","R","?","E","T","M","$","?","?","M","R","BOSS","M","?","$","M","?","R","?","R","T","E","?","R","$","M","R","BOSS","M","?","$","M","M","R","R","?","T","R","M","?","$","M"],"build_version":"2022-12-18","purchased_purges":2,"victory":false,"max_hp_per_floor":[71,71,71,71,71,71,71,71,71,71,71,71,71,71,71,71,71,71,71,71,71,71,71,71,71,71,71,71,71,71,71,71,71,71,71,71,71,71,71,71,71,71,71,71,71,71,71,71],"relic_stats":{"counters":[20,98],"Pantograph":50,"WingedGreaves":3,"obtain_stats":[{"Du-Vu Doll":8,"Potion Belt":43,"Pantograph":9,"Oddly Smooth Stone":27,"WingedGreaves":26,"Coffee Dripper":17,"Cracked Core":0,"Nuclear Battery":34},{"Du-Vu Doll":4,"Potion Belt":17,"Pantograph":4,"Oddly Smooth Stone":12,"WingedGreaves":11,"Coffee Dripper":8,"Cracked Core":0,"Nuclear Battery":14},{"Du-Vu Doll":21,"Potion Belt":87,"Pantograph":21,"Oddly Smooth Stone":59,"WingedGreaves":52,"Coffee Dripper":41,"Cracked Core":0,"Nuclear Battery":75}]},"card_choices":[{"not_picked":["Coolheaded","Reinforced Body"],"picked":"Gash","floor":1.0},{"not_picked":["Turbo","Beam Cell"],"picked":"Coolheaded","floor":3.0},{"not_picked":["Leap","Rebound"],"picked":"Compile Driver","floor":4.0},{"not_picked":["Redo","Melter"],"picked":"Conserve Battery","floor":8.0},{"not_picked":["Rebound","Cold Snap"],"picked":"Barrage","floor":10.0},{"not_picked":["Aggregate","Beam Cell"],"picked":"Capacitor","floor":12.0},{"not_picked":["Conserve Battery","Streamline","Steam"],"picked":"SKIP","floor":14.0},{"not_picked":["All For One","Reboot"],"picked":"Core Surge","floor":16.0},{"not_picked":["Cold Snap","Hello World"],"picked":"Compile Driver","floor":18.0},{"not_picked":["Steam","Rebound"],"picked":"Undo","floor":21.0},{"not_picked":["Hello World","White Noise"],"picked":"Recycle","floor":22.0},{"not_picked":["Ball Lightning","Undo"],"picked":"Buffer","floor":27.0},{"not_picked":["Doom and Gloom","Aggregate","Streamline"],"picked":"SKIP","floor":31.0},{"not_picked":["Amplify","Fission"],"picked":"Electrodynamics","floor":33.0},{"not_picked":["Genetic Algorithm","Stack"],"picked":"Coolheaded","floor":35.0},{"not_picked":["Swift Strike","Forethought"],"picked":"Violence","floor":36.0},{"not_picked":["Beam Cell","Streamline","Loop"],"picked":"SKIP","floor":38.0},{"not_picked":["Beam Cell+1","Rebound","Compile Driver"],"picked":"SKIP","floor":39.0},{"not_picked":["Stack+1","Go for the Eyes"],"picked":"Compile Driver+1","floor":45.0},{"not_picked":["Undo","Steam","BootSequence+1"],"picked":"SKIP","floor":46.0}],"player_experience":5498078,"relics_obtained":[{"floor":8.0,"key":"Du-Vu Doll"},{"floor":9.0,"key":"Pantograph"},{"floor":26.0,"key":"WingedGreaves"},{"floor":27.0,"key":"Oddly Smooth Stone"},{"floor":43.0,"key":"Potion Belt"}],"event_choices":[{"damage_healed":0.0,"max_hp_gain":0.0,"max_hp_loss":0.0,"gold_gain":0.0,"event_name":"Shining Light","player_choice":"Ignored","floor":2.0,"gold_loss":0.0,"damage_taken":0.0},{"damage_healed":0.0,"max_hp_gain":0.0,"max_hp_loss":0.0,"gold_gain":0.0,"event_name":"Liars Game","player_choice":"Ignored","floor":5.0,"gold_loss":0.0,"damage_taken":0.0},{"damage_healed":9.0,"max_hp_gain":0.0,"max_hp_loss":0.0,"gold_gain":0.0,"event_name":"Wheel of Change","player_choice":"Full Heal","floor":7.0,"gold_loss":0.0,"damage_taken":0.0},{"cards_removed":["Strike_B"],"damage_healed":0.0,"max_hp_gain":0.0,"max_hp_loss":0.0,"gold_gain":0.0,"event_name":"Living Wall","player_choice":"Forget","floor":13.0,"gold_loss":0.0,"damage_taken":0.0},{"damage_healed":0.0,"max_hp_gain":0.0,"max_hp_loss":0.0,"gold_gain":0.0,"event_name":"Upgrade Shrine","player_choice":"Upgraded","floor":19.0,"gold_loss":0.0,"damage_taken":0.0,"cards_upgraded":["Coolheaded"]},{"damage_healed":0.0,"max_hp_gain":0.0,"max_hp_loss":0.0,"gold_gain":0.0,"event_name":"Ghosts","player_choice":"Ignored","floor":24.0,"gold_loss":0.0,"damage_taken":0.0},{"damage_healed":0.0,"max_hp_gain":0.0,"max_hp_loss":0.0,"gold_gain":0.0,"event_name":"Cursed Tome","player_choice":"Ignored","floor":28.0,"gold_loss":0.0,"damage_taken":0.0},{"damage_healed":0.0,"max_hp_gain":0.0,"max_hp_loss":0.0,"gold_gain":0.0,"event_name":"SensoryStone","player_choice":"Memory 1","floor":36.0,"gold_loss":0.0,"damage_taken":0.0},{"damage_healed":0.0,"max_hp_gain":0.0,"max_hp_loss":0.0,"gold_gain":0.0,"event_name":"The Woman in Blue","player_choice":"Bought 1 Potion","floor":42.0,"gold_loss":0.0,"damage_taken":0.0}],"is_beta":false,"boss_relics":[{"not_picked":["Ectoplasm","Runic Dome"],"picked":"Coffee Dripper"},{"not_picked":["Fusion Hammer","Empty Cage"],"picked":"Nuclear Battery"}],"items_purged_floors":[11,20],"is_endless":false,"potions_floor_spawned":[10,12,14,16,18,27,33,35,38,45],"killed_by":"4 Shapes","ascension_level":15}