{"gold_per_floor":[215,225,225,205,219,247,247,277,277,287,26,53,66,80,80,159,159,174,189,239,258,258],"floor_reached":22,"playtime":702,"items_purged":[],"score":364,"play_id":"0438c683-2e73-4876-97e6-2640264ece27","local_time":"20230201195038","is_ascension_mode":true,"campfire_choices":[{"floor":7.0,"key":"REST"},{"floor":15.0,"key":"REST"}],"neow_cost":"NONE","seed_source_timestamp":556802585418800,"circlet_count":0,"master_deck":["AscendersBane","Strike_B","Strike_B","Strike_B","Strike_B","Defend_B","Defend_B","Defend_B","Defend_B","Zap","Dualcast","Sweeping Beam","Gash","Go for the Eyes","Sweeping Beam","Loop","Leap","Ball Lightning","Undo","Steam","Electrodynamics","Sweeping Beam","Undo"],"special_seed":0,"relics":["Cracked Core","Nunchaku","Peace Pipe","Darkstone Periapt","Mummified Hand","MealTicket","Philosopher\u0027s Stone"],"potions_floor_usage":[16,21],"damage_taken":[{"damage":7.0,"enemies":"Jaw Worm","floor":1.0,"turns":3.0},{"damage":0.0,"enemies":"Small Slimes","floor":2.0,"turns":3.0},{"damage":1.0,"enemies":"Cultist","floor":5.0,"turns":3.0},{"damage":30.0,"enemies":"3 Sentries","floor":6.0,"turns":7.0},{"damage":22.0,"enemies":"Lagavulin","floor":8.0,"turns":7.0},{"damage":0.0,"enemies":"Large Slime","floor":10.0,"turns":5.0},{"damage":23.0,"enemies":"Gremlin Nob","floor":12.0,"turns":4.0},{"damage":3.0,"enemies":"Blue Slaver","floor":13.0,"turns":3.0},{"damage":0.0,"enemies":"Exordium Wildlife","floor":14.0,"turns":2.0},{"damage":15,"enemies":"Hexaghost","floor":16,"turns":9},{"damage":14,"enemies":"2 Thieves","floor":18,"turns":3},{"damage":12,"enemies":"Spheric Guardian","floor":19,"turns":4},{"damage":16,"enemies":"Snecko","floor":21,"turns":6}],"seed_played":"-1764020723243759234","potions_obtained":[{"floor":2.0,"key":"CultistPotion"},{"floor":4.0,"key":"FearPotion"},{"floor":10.0,"key":"Swift Potion"},{"floor":12.0,"key":"DuplicationPotion"},{"floor":14.0,"key":"BlessingOfTheForge"},{"floor":16,"key":"Weak Potion"},{"floor":19,"key":"PowerPotion"},{"floor":21,"key":"PotionOfCapacity"}],"is_trial":false,"path_per_floor":["M","M","?","?","M","E","R","E","T","M","$","E","M","M","R","B",null,"M","M","?","M","?"],"character_chosen":"DEFECT","items_purchased":["Mummified Hand"],"campfire_rested":2,"item_purchase_floors":[11],"current_hp_per_floor":[57,57,62,62,61,31,53,31,31,31,31,8,5,5,27,12,60,46,34,34,18,0],"gold":258,"neow_bonus":"HUNDRED_GOLD","is_prod":false,"is_daily":false,"chose_seed":false,"campfire_upgraded":0,"win_rate":0,"timestamp":1675309838,"path_taken":["M","M","?","?","M","E","R","E","T","M","$","E","?","M","R","BOSS","M","M","?","M","?"],"build_version":"2022-12-18","purchased_purges":0,"victory":false,"max_hp_per_floor":[71,71,76,76,76,76,76,76,76,76,76,76,76,76,76,76,76,76,76,76,76,81],"relic_stats":{"Peace Pipe":0,"Darkstone Periapt":0,"Nunchaku":[9],"counters":[13,59],"Mummified Hand":[8],"MealTicket":0,"obtain_stats":[{"Peace Pipe":8,"Darkstone Periapt":9,"Nunchaku":6,"Mummified Hand":11,"MealTicket":12,"Philosopher\u0027s Stone":17,"Cracked Core":0},{"Peace Pipe":5,"Darkstone Periapt":5,"Nunchaku":4,"Mummified Hand":6,"MealTicket":7,"Philosopher\u0027s Stone":10,"Cracked Core":0},{"Peace Pipe":23,"Darkstone Periapt":23,"Nunchaku":16,"Mummified Hand":28,"MealTicket":32,"Philosopher\u0027s Stone":46,"Cracked Core":0}]},"card_choices":[{"not_picked":["Streamline","White Noise"],"picked":"Sweeping Beam","floor":1.0},{"not_picked":["Sunder","Streamline"],"picked":"Gash","floor":2.0},{"not_picked":["Hologram","Steam"],"picked":"Go for the Eyes","floor":5.0},{"not_picked":["BootSequence","Turbo"],"picked":"Sweeping Beam","floor":6.0},{"not_picked":["Recycle","Doom and Gloom"],"picked":"Loop","floor":8.0},{"not_picked":["Compile Driver","Go for the Eyes"],"picked":"Leap","floor":10.0},{"not_picked":["Beam Cell","Gash"],"picked":"Ball Lightning","floor":12.0},{"not_picked":["Seek","BootSequence"],"picked":"Undo","floor":13.0},{"not_picked":["Stack","Force Field"],"picked":"Steam","floor":14.0},{"not_picked":["Creative AI","Machine Learning"],"picked":"Electrodynamics","floor":16},{"not_picked":["Steam Power","Streamline"],"picked":"Sweeping Beam","floor":18},{"not_picked":["Redo","Rebound","Fusion"],"picked":"SKIP","floor":19},{"not_picked":["Go for the Eyes","Stack"],"picked":"Undo","floor":21}],"player_experience":5474733,"relics_obtained":[{"floor":6.0,"key":"Nunchaku"},{"floor":8.0,"key":"Peace Pipe"},{"floor":9.0,"key":"Darkstone Periapt"},{"floor":12.0,"key":"MealTicket"}],"event_choices":[{"damage_healed":0.0,"max_hp_gain":5.0,"max_hp_loss":0.0,"gold_gain":0.0,"event_name":"Big Fish","player_choice":"Donut","floor":3.0,"gold_loss":0.0,"damage_taken":0.0},{"damage_healed":0.0,"max_hp_gain":0.0,"max_hp_loss":0.0,"gold_gain":0.0,"event_name":"The Woman in Blue","player_choice":"Bought 1 Potion","floor":4.0,"gold_loss":0.0,"damage_taken":0.0},{"damage_healed":0,"gold_gain":50,"player_choice":"Stole From Cult","damage_taken":0,"max_hp_gain":0,"max_hp_loss":0,"event_name":"Nest","floor":20,"gold_loss":0}],"is_beta":false,"boss_relics":[{"not_picked":["Ectoplasm","Nuclear Battery"],"picked":"Philosopher\u0027s Stone"}],"items_purged_floors":[],"is_endless":false,"potions_floor_spawned":[2,10,12,14,16,19,21],"ascension_level":15}