{"gold_per_floor":[111,128,128,145,220,220,252,262,315,315,315,341,341,374,374,451,451,469,483,37,37,37,37,87,100,100,100,133,160,183,211,223,309,321,350,362,374,403,415,453,258,258,258,278,42,69,69,89,89,89],"floor_reached":51,"playtime":2021,"items_purged":["Strike_B"],"score":1350,"play_id":"bbb20b99-f927-4e58-aee4-dcace4a6efd0","local_time":"20230203191155","is_ascension_mode":true,"campfire_choices":[{"data":"Zap","floor":6.0,"key":"SMITH"},{"floor":13.0,"key":"REST"},{"data":"Streamline","floor":15.0,"key":"SMITH"},{"data":"Apotheosis","floor":23.0,"key":"SMITH"},{"data":"Heatsinks","floor":27.0,"key":"SMITH"},{"data":"Electrodynamics","floor":32.0,"key":"SMITH"},{"floor":42,"key":"REST"},{"data":"Fission","floor":47,"key":"SMITH"},{"data":"Capacitor","floor":49,"key":"SMITH"}],"neow_cost":"TEN_PERCENT_HP_LOSS","seed_source_timestamp":33134768746200,"circlet_count":0,"master_deck":["AscendersBane","Defend_B","Defend_B","Defend_B","Defend_B","Zap+1","Dualcast","Streamline+1","Conserve Battery","Ball Lightning","Coolheaded","Rebound","Chill","Electrodynamics+1","Steam Power+1","Melter+1","Apotheosis+1","Heatsinks+1","Self Repair","Cold Snap","White Noise+1","Creative AI","Capacitor+1","Force Field+1","Heatsinks+1","Coolheaded+1","Compile Driver+1","Consume","Fission+1","Recycle"],"special_seed":0,"relics":["Cracked Core","Mango","Question Card","Regal Pillow","Smiling Mask","Akabeko","Lizard Tail","Empty Cage","Mummified Hand","MutagenicStrength","Centennial Puzzle","MawBank","Philosopher\u0027s Stone","Molten Egg 2","Runic Capacitor","Dream Catcher","DataDisk","War Paint"],"potions_floor_usage":[50,50],"damage_taken":[{"damage":0.0,"enemies":"Small Slimes","floor":1.0,"turns":3.0},{"damage":7.0,"enemies":"2 Louse","floor":2.0,"turns":2.0},{"damage":5.0,"enemies":"Jaw Worm","floor":4.0,"turns":4.0},{"damage":11.0,"enemies":"Lagavulin","floor":7.0,"turns":7.0},{"damage":6.0,"enemies":"3 Louse","floor":8.0,"turns":2.0},{"damage":16.0,"enemies":"3 Sentries","floor":12.0,"turns":6.0},{"damage":8.0,"enemies":"Gremlin Nob","floor":14.0,"turns":3.0},{"damage":23.0,"enemies":"Hexaghost","floor":16.0,"turns":9.0},{"damage":12.0,"enemies":"Chosen","floor":18.0,"turns":4.0},{"damage":17.0,"enemies":"2 Thieves","floor":19.0,"turns":2.0},{"damage":3.0,"enemies":"Cultist and Chosen","floor":25.0,"turns":5.0},{"damage":15.0,"enemies":"Gremlin Leader","floor":28.0,"turns":6.0},{"damage":27.0,"enemies":"Snecko","floor":29.0,"turns":6.0},{"damage":0.0,"enemies":"3 Cultists","floor":30.0,"turns":5.0},{"damage":4.0,"enemies":"Centurion and Healer","floor":31.0,"turns":6.0},{"damage":48.0,"enemies":"Collector","floor":33.0,"turns":9.0},{"damage":6.0,"enemies":"Orb Walker","floor":35.0,"turns":3.0},{"damage":42.0,"enemies":"3 Darklings","floor":38.0,"turns":5.0},{"damage":20.0,"enemies":"Nemesis","floor":40.0,"turns":7.0},{"damage":0,"enemies":"Sphere and 2 Shapes","floor":44,"turns":5},{"damage":0,"enemies":"Giant Head","floor":46,"turns":6},{"damage":0,"enemies":"Maw","floor":48,"turns":6},{"damage":37,"enemies":"Time Eater","floor":50,"turns":10}],"seed_played":"3900862453903461385","potions_obtained":[{"floor":1.0,"key":"GamblersBrew"},{"floor":4.0,"key":"Strength Potion"},{"floor":8.0,"key":"EssenceOfSteel"},{"floor":18.0,"key":"Weak Potion"},{"floor":19.0,"key":"PowerPotion"},{"floor":33.0,"key":"LiquidMemories"},{"floor":44,"key":"Explosive Potion"},{"floor":46,"key":"LiquidBronze"}],"is_trial":false,"path_per_floor":["M","M","?","M","?","R","E","M","T","?","?","E","R","E","R","B",null,"M","M","$","?","?","R","?","M","T","R","E","M","M","M","R","B",null,"M","?","?","M","?","E","$","R","T","M","$","E","R","M","R","B",null],"character_chosen":"DEFECT","items_purchased":["Mummified Hand","Apotheosis","Runic Capacitor","DataDisk","Consume"],"campfire_rested":2,"item_purchase_floors":[20,20,41,45,45],"current_hp_per_floor":[78,71,71,66,55,55,44,38,38,33,33,17,55,47,47,24,65,53,36,36,36,36,36,36,33,33,33,18,49,59,65,65,27,65,69,69,69,34,34,24,24,61,61,68,68,74,74,74,74,47],"gold":89,"neow_bonus":"ONE_RARE_RELIC","is_prod":false,"is_daily":false,"chose_seed":false,"campfire_upgraded":7,"win_rate":0,"timestamp":1675480315,"path_taken":["M","M","?","M","?","R","E","M","T","?","?","E","R","E","R","BOSS","M","M","$","?","?","R","?","M","T","R","E","M","M","M","R","BOSS","M","?","?","M","?","E","$","R","T","M","$","E","R","?","R","BOSS"],"build_version":"2022-12-18","purchased_purges":1,"victory":true,"max_hp_per_floor":[78,78,78,78,78,78,78,78,78,78,78,78,78,78,78,78,78,78,78,78,78,78,78,78,78,78,78,78,78,78,78,78,78,78,78,74,74,74,74,74,74,74,74,74,74,74,74,74,74,74],"relic_stats":{"Regal Pillow":30,"Lizard Tail":39,"Centennial Puzzle":[24],"Dream Catcher":0,"counters":[23,120],"Mummified Hand":[95],"War Paint":["White Noise","Coolheaded"],"Question Card":18,"Smiling Mask":25,"MawBank":156,"obtain_stats":[{"Regal Pillow":9,"Mango":0,"Runic Capacitor":41,"War Paint":46,"Question Card":7,"Smiling Mask":10,"Empty Cage":17,"MawBank":28,"Akabeko":12,"Lizard Tail":14,"Centennial Puzzle":26,"Dream Catcher":43,"DataDisk":45,"Mummified Hand":20,"MutagenicStrength":22,"Philosopher\u0027s Stone":34,"Molten Egg 2":40,"Cracked Core":0},{"Regal Pillow":5,"Mango":0,"Runic Capacitor":19,"War Paint":21,"Question Card":4,"Smiling Mask":5,"Empty Cage":8,"MawBank":12,"Akabeko":6,"Lizard Tail":7,"Centennial Puzzle":11,"Dream Catcher":19,"DataDisk":20,"Mummified Hand":10,"MutagenicStrength":10,"Philosopher\u0027s Stone":16,"Molten Egg 2":19,"Cracked Core":0},{"Regal Pillow":18,"Mango":0,"Runic Capacitor":94,"War Paint":105,"Question Card":16,"Smiling Mask":18,"Empty Cage":36,"MawBank":53,"Akabeko":24,"Lizard Tail":27,"Centennial Puzzle":47,"Dream Catcher":94,"DataDisk":99,"Mummified Hand":42,"MutagenicStrength":42,"Philosopher\u0027s Stone":79,"Molten Egg 2":94,"Cracked Core":0}]},"card_choices":[{"not_picked":["Redo","Scrape"],"picked":"Streamline","floor":1.0},{"not_picked":["Scrape","Chaos"],"picked":"Conserve Battery","floor":2.0},{"not_picked":["Sweeping Beam","Force Field"],"picked":"Ball Lightning","floor":4.0},{"not_picked":["Chaos","Steam","Thunder Strike"],"picked":"SKIP","floor":7.0},{"not_picked":["Leap","Rebound","Steam"],"picked":"Coolheaded","floor":8.0},{"not_picked":["Turbo","Force Field","Double Energy"],"picked":"Rebound","floor":12.0},{"not_picked":["Chaos","Beam Cell","Darkness"],"picked":"Chill","floor":14.0},{"not_picked":["Echo Form","Core Surge","Meteor Strike"],"picked":"Electrodynamics","floor":16.0},{"not_picked":["Barrage","Capacitor","White Noise"],"picked":"Steam Power+1","floor":18.0},{"not_picked":["Gash+1","FTL","Double Energy"],"picked":"Melter+1","floor":19.0},{"not_picked":["Streamline","Chill+1","Reprogram"],"picked":"Heatsinks","floor":25.0},{"not_picked":["Genetic Algorithm","Reinforced Body+1","Turbo"],"picked":"Self Repair","floor":28.0},{"not_picked":["Coolheaded","Steam","Hello World","Cold Snap"],"picked":"SKIP","floor":29.0},{"not_picked":["Rebound","Conserve Battery","Chill"],"picked":"Cold Snap","floor":30.0},{"not_picked":["Ball Lightning","Go for the Eyes","Compile Driver"],"picked":"White Noise","floor":31.0},{"not_picked":["Amplify","Electrodynamics","Core Surge"],"picked":"Creative AI","floor":33.0},{"not_picked":["Leap+1","Rip and Tear","Chaos"],"picked":"Capacitor","floor":35.0},{"not_picked":["Rip and Tear+1","Conserve Battery+1","Rebound+1"],"picked":"Force Field+1","floor":38.0},{"not_picked":["Ball Lightning+1","Stack","Sweeping Beam+1"],"picked":"Coolheaded","floor":40.0},{"not_picked":["Blizzard+1","Sweeping Beam+1","Static Discharge"],"picked":"Compile Driver+1","floor":44},{"not_picked":["Steam","Double Energy","Reinforced Body+1"],"picked":"Fission","floor":46},{"not_picked":["Steam Power","Leap+1","Cold Snap+1"],"picked":"Recycle","floor":48}],"player_experience":5485699,"relics_obtained":[{"floor":7.0,"key":"Question Card"},{"floor":9.0,"key":"Regal Pillow"},{"floor":12.0,"key":"Akabeko"},{"floor":14.0,"key":"Lizard Tail"},{"floor":26.0,"key":"Centennial Puzzle"},{"floor":28.0,"key":"MawBank"},{"floor":40.0,"key":"Molten Egg 2"},{"floor":43,"key":"Dream Catcher"},{"floor":46,"key":"War Paint"}],"event_choices":[{"cards_removed":["Strike_B"],"damage_healed":0.0,"max_hp_gain":0.0,"max_hp_loss":0.0,"gold_gain":0.0,"event_name":"Living Wall","player_choice":"Forget","floor":3.0,"gold_loss":0.0,"damage_taken":0.0},{"damage_healed":0.0,"max_hp_gain":0.0,"max_hp_loss":0.0,"gold_gain":75.0,"event_name":"World of Goop","player_choice":"Gather Gold","floor":5.0,"gold_loss":0.0,"damage_taken":11.0},{"damage_healed":0.0,"max_hp_gain":0.0,"max_hp_loss":0.0,"gold_gain":0.0,"event_name":"Scrap Ooze","player_choice":"Success","floor":10.0,"gold_loss":0.0,"damage_taken":5.0,"relics_obtained":["Smiling Mask"]},{"damage_healed":0.0,"max_hp_gain":0.0,"max_hp_loss":0.0,"gold_gain":0.0,"event_name":"Liars Game","player_choice":"Ignored","floor":11.0,"gold_loss":0.0,"damage_taken":0.0},{"damage_healed":0.0,"max_hp_gain":0.0,"max_hp_loss":0.0,"gold_gain":0.0,"event_name":"Ghosts","player_choice":"Ignored","floor":21.0,"gold_loss":0.0,"damage_taken":0.0},{"damage_healed":0.0,"max_hp_gain":0.0,"max_hp_loss":0.0,"gold_gain":0.0,"event_name":"Drug Dealer","player_choice":"Inject Mutagens","floor":22.0,"gold_loss":0.0,"damage_taken":0.0,"relics_obtained":["MutagenicStrength"]},{"damage_healed":0.0,"max_hp_gain":0.0,"max_hp_loss":0.0,"gold_gain":50.0,"event_name":"Nest","player_choice":"Stole From Cult","floor":24.0,"gold_loss":0.0,"damage_taken":0.0},{"damage_healed":0.0,"max_hp_gain":0.0,"max_hp_loss":4.0,"gold_gain":0.0,"event_name":"Winding Halls","player_choice":"Max HP","floor":36.0,"gold_loss":0.0,"damage_taken":0.0},{"damage_healed":0.0,"max_hp_gain":0.0,"max_hp_loss":0.0,"gold_gain":0.0,"event_name":"Tomb of Lord Red Mask","player_choice":"Ignored","floor":37.0,"gold_loss":0.0,"damage_taken":0.0},{"damage_healed":0.0,"max_hp_gain":0.0,"max_hp_loss":0.0,"gold_gain":0.0,"event_name":"Duplicator","player_choice":"Copied","floor":39.0,"gold_loss":0.0,"damage_taken":0.0,"cards_obtained":["Heatsinks"]}],"is_beta":false,"boss_relics":[{"not_picked":["Inserter","Snecko Eye"],"picked":"Empty Cage"},{"not_picked":["Runic Dome","Busted Crown"],"picked":"Philosopher\u0027s Stone"}],"items_purged_floors":[41],"is_endless":false,"potions_floor_spawned":[1,4,8,18,19,33,44,46,48],"ascension_level":15}