{"gold_per_floor":[114,114,132,132,147,147,160,187,232,91,125,125,163,185,185,268,268,268,253,153,153,153,153,153,43,43,43,43,43,43,43,43,43,43,43,43,43,0,0,0,0,0,0,0,0,0,0,0,0,0],"floor_reached":50,"playtime":1886,"items_purged":["Strike_B","Strike_B"],"score":921,"play_id":"ca9e2c5a-6381-4f94-93ca-0e87bce8dc30","local_time":"20230205180510","is_ascension_mode":true,"campfire_choices":[{"data":"Tempest","floor":6.0,"key":"SMITH"},{"data":"Zap","floor":12.0,"key":"SMITH"},{"data":"Barrage","floor":15.0,"key":"SMITH"},{"floor":23.0,"key":"REST"},{"floor":30.0,"key":"REST"},{"floor":32.0,"key":"REST"},{"floor":41.0,"key":"REST"},{"floor":47,"key":"REST"},{"floor":49,"key":"REST"}],"neow_cost":"NONE","seed_source_timestamp":35037094934800,"circlet_count":0,"master_deck":["AscendersBane","Defend_B","Defend_B","Zap+1","Dualcast","Self Repair","Tempest+1","Compile Driver+1","Go for the Eyes","Coolheaded","Barrage+1","Static Discharge","Rainbow","Glacier","Barrage","Turbo","Fission","Biased Cognition+1","Rebound+1","Conserve Battery+1","Redo+1","Hologram+1","Sweeping Beam","Darkness+1","Steam+1","Leap"],"special_seed":0,"relics":["Cracked Core","Bronze Scales","Bottled Lightning","Lantern","CeramicFish","Centennial Puzzle","Odd Mushroom","Ectoplasm","Bottled Flame","Mercury Hourglass","Potion Belt","Astrolabe","Red Mask","Smiling Mask","StrikeDummy"],"potions_floor_usage":[45,50],"damage_taken":[{"damage":0.0,"enemies":"Small Slimes","floor":1.0,"turns":2.0},{"damage":4.0,"enemies":"Jaw Worm","floor":3.0,"turns":4.0},{"damage":9.0,"enemies":"2 Louse","floor":5.0,"turns":2.0},{"damage":7.0,"enemies":"Looter","floor":7.0,"turns":3.0},{"damage":10.0,"enemies":"Lagavulin","floor":8.0,"turns":7.0},{"damage":27.0,"enemies":"3 Sentries","floor":11.0,"turns":5.0},{"damage":13.0,"enemies":"The Mushroom Lair","floor":13.0,"turns":3.0},{"damage":20.0,"enemies":"Gremlin Gang","floor":14.0,"turns":2.0},{"damage":5.0,"enemies":"Slime Boss","floor":16.0,"turns":6.0},{"damage":7.0,"enemies":"3 Byrds","floor":18.0,"turns":2.0},{"damage":11.0,"enemies":"2 Thieves","floor":19.0,"turns":2.0},{"damage":17.0,"enemies":"Centurion and Healer","floor":21.0,"turns":8.0},{"damage":21.0,"enemies":"Snake Plant","floor":22.0,"turns":3.0},{"damage":43.0,"enemies":"Gremlin Leader","floor":24.0,"turns":9.0},{"damage":5.0,"enemies":"Chosen and Byrds","floor":27.0,"turns":3.0},{"damage":5.0,"enemies":"Cultist and Chosen","floor":28.0,"turns":4.0},{"damage":19.0,"enemies":"Book of Stabbing","floor":29.0,"turns":4.0},{"damage":57.0,"enemies":"Automaton","floor":33.0,"turns":11.0},{"damage":3.0,"enemies":"3 Darklings","floor":35.0,"turns":4.0},{"damage":6.0,"enemies":"Orb Walker","floor":36.0,"turns":3.0},{"damage":40.0,"enemies":"Writhing Mass","floor":39.0,"turns":6.0},{"damage":29.0,"enemies":"Reptomancer","floor":40.0,"turns":6.0},{"damage":12.0,"enemies":"4 Shapes","floor":42.0,"turns":3.0},{"damage":4.0,"enemies":"Transient","floor":44.0,"turns":5.0},{"damage":22,"enemies":"3 Darklings","floor":45,"turns":3},{"damage":32,"enemies":"Jaw Worm Horde","floor":48,"turns":2},{"damage":40,"enemies":"Donu and Deca","floor":50,"turns":5}],"seed_played":"2614409516669717042","potions_obtained":[{"floor":1.0,"key":"BlessingOfTheForge"},{"floor":5.0,"key":"PowerPotion"},{"floor":11.0,"key":"LiquidMemories"},{"floor":14.0,"key":"EntropicBrew"},{"floor":21.0,"key":"LiquidBronze"},{"floor":27.0,"key":"Dexterity Potion"},{"floor":29.0,"key":"Weak Potion"},{"floor":36.0,"key":"PotionOfCapacity"},{"floor":39.0,"key":"Weak Potion"},{"floor":42.0,"key":"Regen Potion"},{"floor":44.0,"key":"Regen Potion"}],"is_trial":false,"path_per_floor":["M","?","M","T","M","R","M","E","T","$","E","R","?","M","R","B",null,"M","M","$","M","M","R","E","?","T","M","M","E","R","$","R","B",null,"M","M","?","?","M","E","R","M","T","M","M","$","R","M","R","B"],"character_chosen":"DEFECT","items_purchased":["Coolheaded","Energy Potion"],"campfire_rested":6,"item_purchase_floors":[10,10],"current_hp_per_floor":[64,69,72,72,70,70,70,74,74,74,57,57,51,38,38,40,67,67,56,56,61,47,69,33,33,33,35,37,25,47,47,69,19,62,66,67,67,67,34,12,33,28,28,39,26,26,47,15,36,0],"gold":0,"neow_bonus":"RANDOM_COMMON_RELIC","is_prod":false,"is_daily":false,"chose_seed":false,"campfire_upgraded":3,"win_rate":0,"timestamp":1675649110,"path_taken":["M","?","M","?","M","R","M","E","T","$","E","R","?","M","R","BOSS","M","M","$","M","M","R","E","?","T","M","?","E","R","$","R","BOSS","M","M","?","?","M","E","R","M","T","M","M","$","R","M","R","BOSS"],"build_version":"2022-12-18","purchased_purges":2,"victory":false,"max_hp_per_floor":[71,76,76,76,76,76,76,76,76,76,76,76,76,76,76,76,76,76,76,76,76,76,76,76,76,76,76,76,76,76,76,76,76,76,76,76,72,72,72,72,72,72,72,72,72,72,72,72,72,72],"relic_stats":{"Centennial Puzzle":[63],"Bottled Flame":"Barrage","counters":[27,117],"Bronze Scales":[335],"CeramicFish":36,"Astrolabe":["Biased Cognition","Rebound","Conserve Battery"],"Ectoplasm":480,"Bottled Lightning":"Tempest","Smiling Mask":0,"obtain_stats":[{"Potion Belt":29,"Lantern":8,"CeramicFish":9,"Astrolabe":34,"Odd Mushroom":13,"Smiling Mask":40,"Mercury Hourglass":26,"Centennial Puzzle":11,"Bottled Flame":24,"Bronze Scales":0,"Ectoplasm":17,"Red Mask":38,"Bottled Lightning":4,"Cracked Core":0,"StrikeDummy":43},{"Potion Belt":17,"Lantern":5,"CeramicFish":5,"Astrolabe":18,"Odd Mushroom":7,"Smiling Mask":22,"Mercury Hourglass":14,"Centennial Puzzle":6,"Bottled Flame":14,"Bronze Scales":0,"Ectoplasm":9,"Red Mask":20,"Bottled Lightning":2,"Cracked Core":0,"StrikeDummy":23},{"Potion Belt":69,"Lantern":18,"CeramicFish":18,"Astrolabe":80,"Odd Mushroom":26,"Smiling Mask":99,"Mercury Hourglass":58,"Centennial Puzzle":23,"Bottled Flame":58,"Bronze Scales":0,"Ectoplasm":34,"Red Mask":87,"Bottled Lightning":6,"Cracked Core":0,"StrikeDummy":102}],"Mercury Hourglass":[252]},"card_choices":[{"not_picked":["Leap","Go for the Eyes"],"picked":"Self Repair","floor":1.0},{"not_picked":["Aggregate","Force Field"],"picked":"Tempest","floor":3.0},{"not_picked":["Steam Power","Gash"],"picked":"Compile Driver","floor":5.0},{"not_picked":["Hologram","Fusion","Beam Cell"],"picked":"SKIP","floor":7.0},{"not_picked":["Rip and Tear","Hologram"],"picked":"Go for the Eyes","floor":8.0},{"not_picked":["Gash","Turbo","Reboot"],"picked":"SKIP","floor":11.0},{"not_picked":["Coolheaded","Beam Cell"],"picked":"Barrage","floor":13.0},{"not_picked":["Gash","BootSequence"],"picked":"Static Discharge","floor":14.0},{"not_picked":["Seek","Amplify"],"picked":"Rainbow","floor":16.0},{"not_picked":["Go for the Eyes","Aggregate","Darkness"],"picked":"SKIP","floor":18.0},{"not_picked":["White Noise","Beam Cell","Consume"],"picked":"SKIP","floor":19.0},{"not_picked":["Redo","Beam Cell"],"picked":"Glacier","floor":21.0},{"not_picked":["Self Repair","Rip and Tear"],"picked":"Barrage","floor":22.0},{"not_picked":["Cold Snap","Barrage","Rainbow"],"picked":"SKIP","floor":24.0},{"not_picked":["Beam Cell","Static Discharge"],"picked":"Turbo","floor":27.0},{"not_picked":["Chaos","Stack","Blizzard"],"picked":"SKIP","floor":28.0},{"not_picked":["Streamline","Cold Snap","Barrage"],"picked":"SKIP","floor":29.0},{"not_picked":["Reboot","Hyperbeam"],"picked":"Fission","floor":33.0},{"not_picked":["Gash+1","Storm"],"picked":"Redo+1","floor":35.0},{"not_picked":["Cold Snap","White Noise"],"picked":"Hologram+1","floor":36.0},{"not_picked":["Conserve Battery+1","Cold Snap+1"],"picked":"Sweeping Beam","floor":39.0},{"not_picked":["Turbo+1","Blizzard","Conserve Battery"],"picked":"SKIP","floor":40.0},{"not_picked":["Fission","Turbo","Barrage"],"picked":"SKIP","floor":42.0},{"not_picked":["Coolheaded","Melter"],"picked":"Darkness+1","floor":44.0},{"not_picked":["Static Discharge","Darkness"],"picked":"Steam+1","floor":45},{"not_picked":["Static Discharge","Barrage"],"picked":"Leap","floor":48}],"player_experience":5496192,"relics_obtained":[{"floor":4.0,"key":"Bottled Lightning"},{"floor":8.0,"key":"Lantern"},{"floor":9.0,"key":"CeramicFish"},{"floor":11.0,"key":"Centennial Puzzle"},{"floor":13.0,"key":"Odd Mushroom"},{"floor":24.0,"key":"Bottled Flame"},{"floor":26.0,"key":"Mercury Hourglass"},{"floor":29.0,"key":"Potion Belt"},{"floor":40.0,"key":"Smiling Mask"},{"floor":43.0,"key":"StrikeDummy"}],"event_choices":[{"damage_healed":0.0,"max_hp_gain":5.0,"max_hp_loss":0.0,"gold_gain":0.0,"event_name":"Big Fish","player_choice":"Donut","floor":2.0,"gold_loss":0.0,"damage_taken":0.0},{"damage_healed":0.0,"max_hp_gain":0.0,"max_hp_loss":0.0,"gold_gain":0.0,"event_name":"Mushrooms","player_choice":"Fought Mushrooms","floor":13.0,"gold_loss":0.0,"damage_taken":0.0},{"cards_removed":["Strike_B"],"damage_healed":0.0,"max_hp_gain":0.0,"max_hp_loss":0.0,"gold_gain":0.0,"event_name":"Designer","player_choice":"Upgrade and Remove","floor":25.0,"gold_loss":110.0,"damage_taken":0.0,"cards_upgraded":["Compile Driver"]},{"damage_healed":0.0,"max_hp_gain":0.0,"max_hp_loss":4.0,"gold_gain":0.0,"event_name":"Winding Halls","player_choice":"Max HP","floor":37.0,"gold_loss":0.0,"damage_taken":0.0},{"damage_healed":0.0,"max_hp_gain":0.0,"max_hp_loss":0.0,"gold_gain":0.0,"event_name":"Tomb of Lord Red Mask","player_choice":"Paid","floor":38.0,"gold_loss":43.0,"damage_taken":0.0,"relics_obtained":["Red Mask"]}],"is_beta":false,"boss_relics":[{"not_picked":["SacredBark","Tiny House"],"picked":"Ectoplasm"},{"not_picked":["Sozu","Cursed Key"],"picked":"Astrolabe"}],"items_purged_floors":[10,20],"is_endless":false,"potions_floor_spawned":[1,5,7,11,14,21,27,29,36,39,42,44],"killed_by":"Donu and Deca","ascension_level":15}