{"gold_per_floor":[112,112,123,137,151,151,177,177,246,281,281,291,291,68,68,146,146,159,170,170,70,87,87,87,87,138,173,63,89,105,136,136,136],"floor_reached":33,"playtime":945,"items_purged":["Strike_B","Strike_B"],"score":592,"play_id":"53bec201-4a51-4c00-adcd-9f89c083fc9e","local_time":"20230202135254","is_ascension_mode":true,"campfire_choices":[{"data":"Doom and Gloom","floor":6.0,"key":"SMITH"},{"data":"Defragment","floor":11.0,"key":"SMITH"},{"data":"Go for the Eyes","floor":13.0,"key":"SMITH"},{"floor":15.0,"key":"REST"},{"floor":23.0,"key":"REST"},{"data":"Fission","floor":25.0,"key":"SMITH"},{"floor":32,"key":"REST"}],"neow_cost":"NONE","seed_source_timestamp":16775729465699,"circlet_count":0,"master_deck":["AscendersBane","Strike_B","Defend_B","Defend_B","Defend_B","Defend_B","Zap+1","Dualcast","Go for the Eyes+1","Doom and Gloom+1","Compile Driver","Barrage","Defragment+1","Lockon","Cold Snap","Ball Lightning","Defragment","Fission+1","Machine Learning","CurseOfTheBell","Coolheaded+1","Gash","Self Repair","Cold Snap+1","Turbo+1","Double Energy+1"],"special_seed":0,"relics":["Cracked Core","Turnip","Bottled Flame","Vajra","Calling Bell","Lantern","StrikeDummy","StoneCalendar","PreservedInsect","Toxic Egg 2","Frozen Egg 2","Happy Flower"],"potions_floor_usage":[31,31],"damage_taken":[{"damage":0.0,"enemies":"2 Louse","floor":1.0,"turns":3.0},{"damage":4.0,"enemies":"Jaw Worm","floor":3.0,"turns":3.0},{"damage":1.0,"enemies":"Cultist","floor":4.0,"turns":3.0},{"damage":1.0,"enemies":"Exordium Thugs","floor":5.0,"turns":3.0},{"damage":10.0,"enemies":"Lagavulin","floor":7.0,"turns":5.0},{"damage":26.0,"enemies":"Gremlin Nob","floor":10.0,"turns":4.0},{"damage":0.0,"enemies":"Large Slime","floor":12.0,"turns":4.0},{"damage":16.0,"enemies":"The Guardian","floor":16.0,"turns":9.0},{"damage":1.0,"enemies":"Spheric Guardian","floor":18.0,"turns":3.0},{"damage":10.0,"enemies":"Shell Parasite","floor":19.0,"turns":4.0},{"damage":28.0,"enemies":"Snake Plant","floor":22.0,"turns":4.0},{"damage":19.0,"enemies":"Slavers","floor":27.0,"turns":4.0},{"damage":0.0,"enemies":"Gremlin Leader","floor":29.0,"turns":4.0},{"damage":16.0,"enemies":"Shelled Parasite and Fungi","floor":30.0,"turns":6.0},{"damage":7,"enemies":"Slavers","floor":31,"turns":2},{"damage":49,"enemies":"Collector","floor":33,"turns":3}],"seed_played":"-1225152572590906386","potions_obtained":[{"floor":3.0,"key":"ColorlessPotion"},{"floor":4.0,"key":"DistilledChaos"},{"floor":7.0,"key":"Ancient Potion"},{"floor":10.0,"key":"PowerPotion"},{"floor":16.0,"key":"Fire Potion"},{"floor":27.0,"key":"Strength Potion"},{"floor":29.0,"key":"PowerPotion"},{"floor":30.0,"key":"SteroidPotion"},{"floor":31,"key":"Energy Potion"}],"is_trial":false,"path_per_floor":["M","?","M","M","M","R","E","?","T","E","R","M","R","$","R","B",null,"M","M","?","$","M","R","?","R","T","E","?","E","M","E","R","B"],"character_chosen":"DEFECT","items_purchased":["Defragment","Fission"],"campfire_rested":3,"item_purchase_floors":[14,14],"current_hp_per_floor":[64,64,60,59,58,58,48,48,48,22,22,22,22,22,43,27,60,59,49,49,49,21,42,42,42,42,30,30,37,28,21,42,0],"gold":136,"neow_bonus":"UPGRADE_CARD","is_prod":false,"is_daily":false,"chose_seed":false,"campfire_upgraded":4,"win_rate":0,"timestamp":1675374774,"path_taken":["M","?","M","M","M","R","E","?","T","E","R","?","R","?","R","BOSS","M","M","?","$","M","R","?","R","T","E","?","E","M","E","R","BOSS"],"build_version":"2022-12-18","purchased_purges":2,"victory":false,"max_hp_per_floor":[71,71,71,71,71,71,71,71,71,71,71,71,71,71,71,71,71,71,71,71,71,71,71,71,71,71,71,71,71,71,71,71,71],"relic_stats":{"Bottled Flame":"Doom and Gloom","Happy Flower":[1],"counters":[16,64],"StoneCalendar":[0],"Turnip":[9],"PreservedInsect":129,"obtain_stats":[{"Calling Bell":17,"Bottled Flame":9,"Lantern":17,"Happy Flower":31,"Vajra":10,"StoneCalendar":17,"Turnip":7,"PreservedInsect":26,"Toxic Egg 2":27,"Frozen Egg 2":29,"Cracked Core":0,"StrikeDummy":17},{"Calling Bell":8,"Bottled Flame":5,"Lantern":8,"Happy Flower":15,"Vajra":6,"StoneCalendar":8,"Turnip":5,"PreservedInsect":11,"Toxic Egg 2":12,"Frozen Egg 2":13,"Cracked Core":0,"StrikeDummy":8},{"Calling Bell":34,"Bottled Flame":17,"Lantern":34,"Happy Flower":61,"Vajra":21,"StoneCalendar":34,"Turnip":17,"PreservedInsect":45,"Toxic Egg 2":49,"Frozen Egg 2":53,"Cracked Core":0,"StrikeDummy":34}]},"card_choices":[{"not_picked":["Conserve Battery","Hello World"],"picked":"Go for the Eyes","floor":1.0},{"not_picked":["FTL","Steam"],"picked":"Doom and Gloom","floor":3.0},{"not_picked":["Steam","Redo"],"picked":"Compile Driver","floor":4.0},{"not_picked":["Sweeping Beam","Reprogram"],"picked":"Barrage","floor":5.0},{"not_picked":["Rip and Tear","Auto Shields"],"picked":"Defragment","floor":7.0},{"not_picked":["Redo","Steam Power"],"picked":"Cold Snap","floor":10.0},{"not_picked":["Barrage","Streamline"],"picked":"Ball Lightning","floor":12.0},{"not_picked":["Hyperbeam","Creative AI"],"picked":"Machine Learning","floor":16.0},{"not_picked":["Rebound","Turbo"],"picked":"Coolheaded","floor":18.0},{"not_picked":["Hyperbeam","Conserve Battery"],"picked":"Gash","floor":19.0},{"not_picked":["Loop","Conserve Battery"],"picked":"Self Repair","floor":22.0},{"not_picked":["Ball Lightning+1","Go for the Eyes+1"],"picked":"Cold Snap+1","floor":27.0},{"not_picked":["Beam Cell","Sweeping Beam"],"picked":"Turbo+1","floor":29.0},{"not_picked":["Cold Snap","Gash","Barrage"],"picked":"SKIP","floor":30.0},{"not_picked":["Sunder","Beam Cell"],"picked":"Double Energy+1","floor":31}],"player_experience":5477828,"relics_obtained":[{"floor":7.0,"key":"Turnip"},{"floor":9.0,"key":"Bottled Flame"},{"floor":10.0,"key":"Vajra"},{"floor":17.0,"key":"Lantern"},{"floor":17.0,"key":"StrikeDummy"},{"floor":17.0,"key":"StoneCalendar"},{"floor":26.0,"key":"PreservedInsect"},{"floor":27.0,"key":"Toxic Egg 2"},{"floor":29.0,"key":"Frozen Egg 2"},{"floor":31,"key":"Happy Flower"}],"event_choices":[{"damage_healed":0.0,"max_hp_gain":0.0,"max_hp_loss":0.0,"gold_gain":0.0,"event_name":"Liars Game","player_choice":"Ignored","floor":2.0,"gold_loss":0.0,"damage_taken":0.0},{"damage_healed":0.0,"max_hp_gain":0.0,"max_hp_loss":0.0,"gold_gain":0.0,"event_name":"Match and Keep!","player_choice":"1 cards matched","floor":8.0,"gold_loss":0.0,"damage_taken":0.0,"cards_obtained":["Lockon"]},{"damage_healed":0.0,"max_hp_gain":0.0,"max_hp_loss":0.0,"gold_gain":0.0,"event_name":"Ghosts","player_choice":"Ignored","floor":20.0,"gold_loss":0.0,"damage_taken":0.0},{"damage_healed":0.0,"max_hp_gain":0.0,"max_hp_loss":0.0,"gold_gain":0.0,"event_name":"Cursed Tome","player_choice":"Ignored","floor":24.0,"gold_loss":0.0,"damage_taken":0.0},{"cards_removed":["Strike_B"],"damage_healed":0.0,"max_hp_gain":0.0,"max_hp_loss":0.0,"gold_gain":0.0,"event_name":"Designer","player_choice":"Upgrade and Remove","floor":28.0,"gold_loss":110.0,"damage_taken":0.0,"cards_upgraded":["Coolheaded"]}],"is_beta":false,"boss_relics":[{"not_picked":["Tiny House","Black Star"],"picked":"Calling Bell"}],"items_purged_floors":[14,21],"is_endless":false,"potions_floor_spawned":[3,4,7,10,16,27,29,30,31],"killed_by":"Collector","ascension_level":15}