{"gold_per_floor":[319,343,356,371,385,418,432,4,4,21,21,21,41,57,57,129,129,143,123,137,147,165,165,165,197,269,269,287,66,66,78,78,155,155,173,188,188,38,56,81,81,97,178,205,218,249,280,292,304,316],"floor_reached":51,"playtime":1997,"items_purged":["Strike_B"],"score":1570,"play_id":"a1e7e88f-0a78-49d7-82f9-a4e0ee993ded","local_time":"20230203163854","is_ascension_mode":true,"campfire_choices":[{"data":"Zap","floor":12.0,"key":"SMITH"},{"floor":15,"key":"REST"},{"floor":23,"key":"REST"},{"data":"Defragment","floor":27,"key":"SMITH"},{"data":"Fission","floor":32,"key":"SMITH"},{"data":"Skim","floor":41,"key":"SMITH"},{"data":"Thunder Strike","floor":49,"key":"SMITH"}],"neow_cost":"NO_GOLD","seed_source_timestamp":24287885924800,"circlet_count":0,"master_deck":["AscendersBane","Defend_B","Defend_B","Defend_B","Defend_B","Zap+1","Dualcast","Go for the Eyes","Defragment+1","Hologram","Glacier","Compile Driver","Barrage","Electrodynamics+1","Cold Snap","Coolheaded","Biased Cognition+1","Electrodynamics+1","Chill+1","Tempest","Fission+1","Undo","Thunder Strike+1","CurseOfTheBell","Loop+1","Skim+1","Loop+1","Reinforced Body"],"special_seed":0,"relics":["Cracked Core","Old Coin","Ancient Tea Set","Eternal Feather","Runic Capacitor","Frozen Egg 2","Bag of Preparation","Nuclear Battery","InkBottle","Kunai","TheAbacus","Calling Bell","Bag of Marbles","Singing Bowl","Pocketwatch","PreservedInsect","Juzu Bracelet","Ornamental Fan","Mercury Hourglass","MawBank"],"potions_floor_usage":[14,25,44,50,50],"damage_taken":[{"damage":0.0,"enemies":"Cultist","floor":1.0,"turns":3.0},{"damage":4.0,"enemies":"2 Louse","floor":3.0,"turns":3.0},{"damage":2.0,"enemies":"Jaw Worm","floor":4.0,"turns":3.0},{"damage":13.0,"enemies":"Large Slime","floor":5.0,"turns":7.0},{"damage":15.0,"enemies":"Gremlin Nob","floor":6.0,"turns":4.0},{"damage":0.0,"enemies":"Blue Slaver","floor":7.0,"turns":6.0},{"damage":7.0,"enemies":"2 Fungi Beasts","floor":10.0,"turns":3.0},{"damage":0.0,"enemies":"Looter","floor":13.0,"turns":3.0},{"damage":18,"enemies":"Gremlin Gang","floor":14,"turns":4},{"damage":24,"enemies":"Slime Boss","floor":16,"turns":8},{"damage":14,"enemies":"3 Byrds","floor":18,"turns":4},{"damage":2,"enemies":"Chosen","floor":20,"turns":3},{"damage":15,"enemies":"Centurion and Healer","floor":21,"turns":4},{"damage":0,"enemies":"Chosen and Byrds","floor":22,"turns":4},{"damage":7,"enemies":"Book of Stabbing","floor":25,"turns":4},{"damage":0,"enemies":"Snecko","floor":28,"turns":4},{"damage":0,"enemies":"Cultist and Chosen","floor":31,"turns":2},{"damage":0,"enemies":"Automaton","floor":33,"turns":6},{"damage":0,"enemies":"Orb Walker","floor":35,"turns":3},{"damage":0,"enemies":"3 Shapes","floor":36,"turns":3},{"damage":0,"enemies":"Jaw Worm Horde","floor":39,"turns":4},{"damage":0,"enemies":"Giant Head","floor":40,"turns":5},{"damage":0,"enemies":"Spire Growth","floor":42,"turns":3},{"damage":0,"enemies":"Nemesis","floor":44,"turns":3},{"damage":17,"enemies":"Transient","floor":45,"turns":5},{"damage":0,"enemies":"Giant Head","floor":46,"turns":6},{"damage":0,"enemies":"4 Shapes","floor":47,"turns":3},{"damage":7,"enemies":"Time Eater","floor":50,"turns":9}],"seed_played":"1399461175917783965","potions_obtained":[{"floor":1.0,"key":"PowerPotion"},{"floor":5.0,"key":"FocusPotion"},{"floor":13.0,"key":"SkillPotion"},{"floor":19,"key":"FearPotion"},{"floor":25,"key":"BlessingOfTheForge"},{"floor":46,"key":"PowerPotion"}],"is_trial":false,"path_per_floor":["M","T","M","M","M","E","M","$","T","M","?","R","M","M","R","B",null,"M","?","M","M","M","R","?","E","T","R","M","$","?","M","R","B",null,"M","M","?","$","M","E","R","M","T","E","M","E","M","?","R","B",null],"character_chosen":"DEFECT","items_purchased":["Runic Capacitor","Frozen Egg 2","Compile Driver","TheAbacus","PreservedInsect"],"campfire_rested":2,"item_purchase_floors":[8,8,8,29,38],"current_hp_per_floor":[64,64,60,58,45,30,30,30,30,23,23,32,32,14,44,20,58,44,44,42,27,27,60,40,33,33,45,45,45,45,45,57,57,71,73,73,73,73,73,75,80,82,82,84,67,67,69,65,80,73],"gold":328,"neow_bonus":"ONE_RARE_RELIC","is_prod":false,"is_daily":false,"chose_seed":false,"campfire_upgraded":5,"win_rate":0,"timestamp":1675471134,"path_taken":["M","?","M","M","M","E","M","$","T","?","?","R","M","M","R","BOSS","M","?","?","M","M","R","?","E","T","R","M","$","?","M","R","BOSS","M","M","?","$","M","E","R","M","T","E","M","E","M","?","R","BOSS"],"build_version":"2022-12-18","purchased_purges":1,"victory":true,"max_hp_per_floor":[71,71,71,71,71,71,71,71,71,71,71,71,71,71,71,71,71,71,71,71,71,71,71,76,76,76,76,76,76,76,76,76,76,76,78,78,78,78,78,80,80,82,82,84,84,84,86,92,92,92],"relic_stats":{"Singing Bowl":16,"counters":[28,118],"Eternal Feather":74,"PreservedInsect":310,"Bag of Preparation":[44],"Juzu Bracelet":0,"Ancient Tea Set":[14],"MawBank":60,"Mercury Hourglass":[87],"TheAbacus":[90],"Ornamental Fan":[24],"Kunai":[9],"obtain_stats":[{"Singing Bowl":34,"Eternal Feather":6,"PreservedInsect":38,"Runic Capacitor":8,"Bag of Preparation":9,"Juzu Bracelet":40,"Frozen Egg 2":8,"Ancient Tea Set":2,"MawBank":46,"Old Coin":0,"Nuclear Battery":17,"Mercury Hourglass":44,"Calling Bell":34,"TheAbacus":29,"Ornamental Fan":43,"Bag of Marbles":34,"Kunai":26,"Cracked Core":0,"InkBottle":25,"Pocketwatch":34},{"Singing Bowl":18,"Eternal Feather":5,"PreservedInsect":20,"Runic Capacitor":6,"Bag of Preparation":6,"Juzu Bracelet":22,"Frozen Egg 2":6,"Ancient Tea Set":1,"MawBank":26,"Old Coin":0,"Nuclear Battery":10,"Mercury Hourglass":24,"Calling Bell":18,"TheAbacus":16,"Ornamental Fan":23,"Bag of Marbles":18,"Kunai":15,"Cracked Core":0,"InkBottle":15,"Pocketwatch":18},{"Singing Bowl":75,"Eternal Feather":20,"PreservedInsect":81,"Runic Capacitor":26,"Bag of Preparation":26,"Juzu Bracelet":90,"Frozen Egg 2":26,"Ancient Tea Set":3,"MawBank":106,"Old Coin":0,"Nuclear Battery":44,"Mercury Hourglass":95,"Calling Bell":75,"TheAbacus":67,"Ornamental Fan":92,"Bag of Marbles":75,"Kunai":63,"Cracked Core":0,"InkBottle":63,"Pocketwatch":75}],"InkBottle":[24],"Pocketwatch":[42]},"card_choices":[{"not_picked":["Consume","Force Field"],"picked":"Go for the Eyes","floor":1.0},{"not_picked":["Hello World","Sweeping Beam"],"picked":"Streamline","floor":3.0},{"not_picked":["Fusion","Recycle"],"picked":"Defragment","floor":4.0},{"not_picked":["Aggregate","Stack"],"picked":"Hologram","floor":5.0},{"not_picked":["Chaos","Coolheaded"],"picked":"Glacier","floor":6.0},{"not_picked":["Steam","Redo","Gash"],"picked":"SKIP","floor":7.0},{"not_picked":["Sweeping Beam","Steam"],"picked":"Barrage","floor":10.0},{"not_picked":["All For One","Streamline","Aggregate"],"picked":"SKIP","floor":13.0},{"not_picked":["Stack","Go for the Eyes","Auto Shields"],"picked":"SKIP","floor":14},{"not_picked":["Multi-Cast","Core Surge"],"picked":"Electrodynamics+1","floor":16},{"not_picked":["Beam Cell","Compile Driver"],"picked":"Cold Snap","floor":18},{"not_picked":["Storm+1","Rip and Tear","Sweeping Beam"],"picked":"SKIP","floor":20},{"not_picked":["Ball Lightning","Cold Snap"],"picked":"Coolheaded","floor":21},{"not_picked":["Steam","Storm+1"],"picked":"Biased Cognition+1","floor":22},{"not_picked":["Go for the Eyes","Sweeping Beam"],"picked":"Electrodynamics+1","floor":25},{"not_picked":["Hologram","Reinforced Body"],"picked":"Chill+1","floor":28},{"not_picked":["FTL","Darkness"],"picked":"Undo","floor":31},{"not_picked":["Hyperbeam","Meteor Strike"],"picked":"Thunder Strike","floor":33},{"not_picked":["Streamline","Fusion","Scrape"],"picked":"Singing Bowl","floor":35},{"not_picked":["Sweeping Beam","Stack"],"picked":"Loop+1","floor":36},{"not_picked":["Self Repair+1","Undo"],"picked":"Skim","floor":39},{"not_picked":["Recycle","Doom and Gloom","Ball Lightning"],"picked":"Singing Bowl","floor":40},{"not_picked":["Skim","Compile Driver","Hologram"],"picked":"Singing Bowl","floor":42},{"not_picked":["Coolheaded","Electrodynamics+1","Fission"],"picked":"Singing Bowl","floor":44},{"not_picked":["Consume","Coolheaded"],"picked":"Loop+1","floor":45},{"not_picked":["Steam","Stack"],"picked":"Reinforced Body","floor":46},{"not_picked":["Streamline+1","Stack","Cold Snap+1"],"picked":"Singing Bowl","floor":47},{"not_picked":["Flash of Steel","Jack Of All Trades","Bandage Up"],"picked":"Singing Bowl","floor":48},{"not_picked":["PanicButton","Madness","Bandage Up"],"picked":"Singing Bowl","floor":48},{"not_picked":["Trip","Deep Breath","Mind Blast"],"picked":"Singing Bowl","floor":48}],"player_experience":5483702,"relics_obtained":[{"floor":2.0,"key":"Ancient Tea Set"},{"floor":6.0,"key":"Eternal Feather"},{"floor":9.0,"key":"Bag of Preparation"},{"floor":25,"key":"InkBottle"},{"floor":26,"key":"Kunai"},{"floor":34,"key":"Bag of Marbles"},{"floor":34,"key":"Singing Bowl"},{"floor":34,"key":"Pocketwatch"},{"floor":40,"key":"Juzu Bracelet"},{"floor":43,"key":"Ornamental Fan"},{"floor":44,"key":"Mercury Hourglass"},{"floor":46,"key":"MawBank"}],"event_choices":[{"cards_removed":["Strike_B"],"damage_healed":0.0,"max_hp_gain":0.0,"max_hp_loss":0.0,"gold_gain":0.0,"event_name":"Purifier","player_choice":"Purged","floor":11.0,"gold_loss":0.0,"damage_taken":0.0},{"damage_healed":0,"gold_gain":0,"player_choice":"Bought 1 Potion","damage_taken":0,"max_hp_gain":0,"max_hp_loss":0,"event_name":"The Woman in Blue","floor":19,"gold_loss":0},{"damage_healed":0,"gold_gain":0,"player_choice":"Shed Blood","damage_taken":25,"max_hp_gain":5,"max_hp_loss":0,"event_name":"Forgotten Altar","floor":24,"gold_loss":0},{"damage_healed":0,"gold_gain":0,"cards_transformed":["Strike_B","Strike_B"],"player_choice":"Became Test Subject","damage_taken":0,"max_hp_gain":0,"max_hp_loss":0,"event_name":"Drug Dealer","floor":30,"gold_loss":0,"cards_obtained":["Tempest","Fission"]},{"cards_removed":["Streamline"],"damage_healed":0,"gold_gain":0,"player_choice":"Removed Attack","damage_taken":0,"max_hp_gain":0,"max_hp_loss":0,"event_name":"Falling","floor":37,"gold_loss":0},{"damage_healed":0,"gold_gain":0,"player_choice":"Memory 3","damage_taken":10,"max_hp_gain":0,"max_hp_loss":0,"event_name":"SensoryStone","floor":48,"gold_loss":0}],"is_beta":false,"boss_relics":[{"not_picked":["Pandora\u0027s Box","Astrolabe"],"picked":"Nuclear Battery"},{"not_picked":["Velvet Choker","FrozenCore"],"picked":"Calling Bell"}],"items_purged_floors":[29],"is_endless":false,"potions_floor_spawned":[1,5,13,22,25,28,31,35,36,39,42,46],"ascension_level":15}