{"gold_per_floor":[110,126,140,140,150,150,175,193,275,305,305,331,331,363,363,442,442,455,474,399,419,437,437,464,464,490,490,522,542,542,567,567,641,641,651,651,262,273,287,287,313,328,328,328,345,345,359,393,393,393],"floor_reached":51,"playtime":2199,"items_purged":["Zap"],"score":1401,"play_id":"6c88da44-e175-41b7-a490-86bcc0a69db6","local_time":"20230209112506","is_ascension_mode":true,"campfire_choices":[{"data":"Ball Lightning","floor":6,"key":"SMITH"},{"data":"Defragment","floor":11,"key":"SMITH"},{"data":"Self Repair","floor":13,"key":"SMITH"},{"data":"Heatsinks","floor":15,"key":"SMITH"},{"floor":23,"key":"REST"},{"data":"Reinforced Body","floor":25,"key":"SMITH"},{"data":"Doom and Gloom","floor":27,"key":"SMITH"},{"floor":30,"key":"REST"},{"data":"Undo","floor":32,"key":"SMITH"},{"data":"Double Energy","floor":40,"key":"SMITH"},{"data":"Echo Form","floor":44,"key":"SMITH"},{"data":"Go for the Eyes","floor":46,"key":"SMITH"},{"data":"Amplify","floor":49,"key":"SMITH"}],"neow_cost":"NONE","seed_source_timestamp":95200375258300,"circlet_count":0,"master_deck":["AscendersBane","Dualcast","Chill","Ball Lightning+1","Self Repair+1","Go for the Eyes+1","FTL","Defragment+1","Echo Form+1","Heatsinks+1","Electrodynamics+1","Genetic Algorithm+1","Reinforced Body+1","Compile Driver","Doom and Gloom+1","Undo+1","Self Repair+1","Coolheaded+1","Buffer+1","Amplify+1","FTL","Doom and Gloom","Storm+1","Consume","Rainbow","Compile Driver","Leap","Stack","Capacitor+1","Double Energy+1","Barrage+1","Glacier"],"relics":["Cracked Core","Lantern","Smiling Mask","Question Card","Calipers","Strawberry","Frozen Egg 2","Sozu","MealTicket","Akabeko","Shuriken","DataDisk","Pandora\u0027s Box","Pantograph","Ice Cream","Meat on the Bone","HornCleat"],"potions_floor_usage":[7,10,14,50,50],"damage_taken":[{"damage":2,"enemies":"Jaw Worm","floor":1,"turns":3},{"damage":2,"enemies":"Small Slimes","floor":2,"turns":3},{"damage":0,"enemies":"Cultist","floor":3,"turns":4},{"damage":0,"enemies":"Exordium Wildlife","floor":5,"turns":3},{"damage":5,"enemies":"3 Sentries","floor":7,"turns":8},{"damage":16,"enemies":"Lots of Slimes","floor":8,"turns":4},{"damage":18,"enemies":"Gremlin Nob","floor":10,"turns":4},{"damage":1,"enemies":"Lagavulin","floor":12,"turns":5},{"damage":14,"enemies":"3 Sentries","floor":14,"turns":6},{"damage":30,"enemies":"Slime Boss","floor":16,"turns":9},{"damage":17,"enemies":"Shell Parasite","floor":18,"turns":5},{"damage":8,"enemies":"Chosen","floor":19,"turns":4},{"damage":33,"enemies":"Snake Plant","floor":21,"turns":5},{"damage":27,"enemies":"Chosen and Byrds","floor":22,"turns":6},{"damage":12,"enemies":"Gremlin Leader","floor":24,"turns":6},{"damage":27,"enemies":"Slavers","floor":28,"turns":5},{"damage":21,"enemies":"Cultist and Chosen","floor":29,"turns":6},{"damage":36,"enemies":"Book of Stabbing","floor":31,"turns":7},{"damage":23,"enemies":"Collector","floor":33,"turns":11},{"damage":0,"enemies":"3 Shapes","floor":35,"turns":2},{"damage":0,"enemies":"3 Darklings","floor":38,"turns":4},{"damage":29,"enemies":"4 Shapes","floor":39,"turns":6},{"damage":0,"enemies":"Reptomancer","floor":41,"turns":6},{"damage":12,"enemies":"Writhing Mass","floor":42,"turns":5},{"damage":22,"enemies":"Sphere and 2 Shapes","floor":45,"turns":2},{"damage":0,"enemies":"3 Darklings","floor":47,"turns":3},{"damage":3,"enemies":"Nemesis","floor":48,"turns":5},{"damage":24,"enemies":"Time Eater","floor":50,"turns":6}],"seed_played":"-2334137543321004601","potions_obtained":[{"floor":3,"key":"FocusPotion"},{"floor":5,"key":"SneckoOil"},{"floor":10,"key":"ColorlessPotion"},{"floor":12,"key":"FocusPotion"},{"floor":14,"key":"LiquidMemories"}],"is_trial":false,"path_per_floor":["M","M","M","?","M","R","E","M","T","E","R","E","R","E","R","B",null,"M","M","?","M","M","R","E","R","T","R","E","M","R","E","R","B",null,"M","?","$","M","M","R","E","M","T","R","M","R","M","E","R","B",null],"character_chosen":"DEFECT","items_purchased":["Pantograph","Leap","Stack"],"campfire_rested":2,"item_purchase_floors":[37,37,37],"current_hp_per_floor":[62,60,60,53,60,60,62,53,53,42,42,55,55,61,61,51,71,64,76,76,53,46,69,77,77,77,77,50,39,62,56,56,53,72,78,78,78,78,78,78,78,78,78,78,56,56,66,78,78,74],"gold":393,"neow_bonus":"RANDOM_COMMON_RELIC","is_prod":false,"is_daily":false,"chose_seed":false,"campfire_upgraded":11,"win_rate":0,"timestamp":1675970706,"path_taken":["M","M","M","?","M","R","E","M","T","E","R","E","R","E","R","BOSS","M","M","?","M","M","R","E","R","T","R","E","M","R","E","R","BOSS","M","?","$","M","M","R","E","M","T","R","M","R","?","E","R","BOSS"],"build_version":"2022-12-18","purchased_purges":1,"victory":true,"max_hp_per_floor":[71,71,71,71,71,71,71,71,71,71,71,78,78,78,78,78,78,78,78,78,78,78,78,78,78,78,78,78,78,78,78,78,78,78,78,78,78,78,78,78,78,78,78,78,78,78,78,78,78,78],"relic_stats":{"Sozu":7,"Ice Cream":[7],"Calipers":[951],"counters":[28,143],"Shuriken":[9],"Pantograph":0,"MealTicket":0,"Pandora\u0027s Box":["Amplify","FTL","Doom and Gloom","Storm","Consume","Rainbow"],"Smiling Mask":25,"Question Card":21,"obtain_stats":[{"Ice Cream":41,"Lantern":0,"Calipers":10,"Frozen Egg 2":14,"Smiling Mask":7,"Question Card":9,"Akabeko":26,"Sozu":17,"DataDisk":31,"HornCleat":48,"Shuriken":28,"Strawberry":12,"Pantograph":37,"MealTicket":24,"Pandora\u0027s Box":34,"Cracked Core":0,"Meat on the Bone":43},{"Ice Cream":23,"Lantern":0,"Calipers":7,"Frozen Egg 2":9,"Smiling Mask":5,"Question Card":6,"Akabeko":15,"Sozu":10,"DataDisk":18,"HornCleat":27,"Shuriken":16,"Strawberry":8,"Pantograph":20,"MealTicket":15,"Pandora\u0027s Box":19,"Cracked Core":0,"Meat on the Bone":24},{"Ice Cream":122,"Lantern":0,"Calipers":29,"Frozen Egg 2":40,"Smiling Mask":21,"Question Card":25,"Akabeko":75,"Sozu":49,"DataDisk":93,"HornCleat":137,"Shuriken":80,"Strawberry":34,"Pantograph":106,"MealTicket":75,"Pandora\u0027s Box":104,"Cracked Core":0,"Meat on the Bone":127}],"Meat on the Bone":0},"card_choices":[{"not_picked":["Barrage","Stack"],"picked":"Chill","floor":1},{"not_picked":["Double Energy","Steam"],"picked":"Ball Lightning","floor":2},{"not_picked":["Leap","Steam"],"picked":"Self Repair","floor":3},{"not_picked":["BootSequence","Force Field"],"picked":"Go for the Eyes","floor":5},{"not_picked":["Double Energy","Leap"],"picked":"FTL","floor":7},{"not_picked":["Rip and Tear","Ball Lightning"],"picked":"Defragment","floor":8},{"not_picked":["Streamline","Auto Shields","Turbo"],"picked":"Echo Form","floor":10},{"not_picked":["Beam Cell","Streamline","Stack"],"picked":"Heatsinks","floor":12},{"not_picked":["Beam Cell","Hologram","Go for the Eyes","Echo Form+1"],"picked":"SKIP","floor":14},{"not_picked":["Meteor Strike","Machine Learning+1","Rainbow"],"picked":"Electrodynamics+1","floor":16},{"not_picked":["Blizzard","Darkness","Stack","Auto Shields"],"picked":"SKIP","floor":18},{"not_picked":["Stack+1","Beam Cell","Compile Driver"],"picked":"Genetic Algorithm+1","floor":19},{"not_picked":["Ball Lightning","All For One","Conserve Battery"],"picked":"Reinforced Body","floor":21},{"not_picked":["Conserve Battery","Genetic Algorithm","Ball Lightning"],"picked":"Compile Driver","floor":22},{"not_picked":["Rebound","Meteor Strike","Sunder"],"picked":"Doom and Gloom","floor":24},{"not_picked":["Streamline","Gash","Stack"],"picked":"Undo","floor":28},{"not_picked":["Double Energy","Leap","Coolheaded"],"picked":"Self Repair+1","floor":29},{"not_picked":["Sunder","Steam","Gash"],"picked":"Coolheaded+1","floor":31},{"not_picked":["Fission","Thunder Strike","Amplify"],"picked":"Buffer+1","floor":33},{"not_picked":["Stack","Gash","Self Repair+1"],"picked":"Compile Driver","floor":35},{"not_picked":["Tempest","Cold Snap","Leap"],"picked":"Capacitor+1","floor":38},{"not_picked":["Stack","Compile Driver","FTL"],"picked":"Double Energy","floor":39},{"not_picked":["Sunder+1","Fusion","Multi-Cast","Hologram"],"picked":"SKIP","floor":41},{"not_picked":["Cold Snap","Leap","Beam Cell","Reinforced Body"],"picked":"SKIP","floor":42},{"not_picked":["Beam Cell","Ball Lightning","Coolheaded"],"picked":"Barrage+1","floor":45},{"not_picked":["Echo Form+1","Steam","Beam Cell","Gash"],"picked":"SKIP","floor":47},{"not_picked":["Blizzard","Redo","Beam Cell"],"picked":"Glacier","floor":48}],"player_experience":5510598,"relics_obtained":[{"floor":7,"key":"Smiling Mask"},{"floor":9,"key":"Question Card"},{"floor":10,"key":"Calipers"},{"floor":12,"key":"Strawberry"},{"floor":14,"key":"Frozen Egg 2"},{"floor":24,"key":"MealTicket"},{"floor":26,"key":"Akabeko"},{"floor":28,"key":"Shuriken"},{"floor":31,"key":"DataDisk"},{"floor":41,"key":"Ice Cream"},{"floor":43,"key":"Meat on the Bone"},{"floor":48,"key":"HornCleat"}],"event_choices":[{"cards_removed":["Strike_B"],"damage_healed":0,"gold_gain":0,"player_choice":"Card Removal","damage_taken":7,"max_hp_gain":0,"max_hp_loss":0,"event_name":"Golden Wing","floor":4,"gold_loss":0},{"cards_removed":["Strike_B"],"damage_healed":0,"gold_gain":0,"player_choice":"Gave Gold","damage_taken":0,"max_hp_gain":0,"max_hp_loss":0,"event_name":"Beggar","floor":20,"gold_loss":75},{"damage_healed":0,"gold_gain":0,"player_choice":"Got Potions","damage_taken":0,"max_hp_gain":0,"max_hp_loss":0,"event_name":"Lab","floor":36,"gold_loss":0}],"is_beta":false,"boss_relics":[{"not_picked":["Velvet Choker","Calling Bell"],"picked":"Sozu"},{"not_picked":["Snecko Eye","SlaversCollar"],"picked":"Pandora\u0027s Box"}],"items_purged_floors":[37],"is_endless":false,"potions_floor_spawned":[3,5,10,12,14,18,22,28,29,31,33,35,42],"ascension_level":15}