{"gold_per_floor":[116,191,209,224,224,224,259,259,286,300,316,45,45,45,45,122,122,140,155,233,233,233,258,258,278,278,278,288,288,308,341,341,418,418,429,511,521,66,66,92,111,146,170,182,198,223,257,10,10,10],"floor_reached":51,"playtime":2832,"items_purged":["Strike_B"],"score":1319,"play_id":"cd46e14e-503d-4da6-96a0-4685777c0803","local_time":"20230208100515","is_ascension_mode":true,"campfire_choices":[{"data":"Streamline","floor":6.0,"key":"SMITH"},{"data":"Zap","floor":8.0,"key":"SMITH"},{"data":"Capacitor","floor":13.0,"key":"SMITH"},{"data":"Sweeping Beam","floor":15.0,"key":"SMITH"},{"floor":24.0,"key":"REST"},{"data":"Barrage","floor":29.0,"key":"SMITH"},{"data":"Echo Form","floor":32.0,"key":"SMITH"},{"floor":49,"key":"REST"}],"neow_cost":"NONE","seed_source_timestamp":0,"circlet_count":0,"master_deck":["AscendersBane","Defend_B+1","Zap+1","Dualcast","Leap","Glacier","Streamline+1","Glacier","Coolheaded","Sweeping Beam+1","Capacitor+1","Echo Form+1","Barrage+1","Reinforced Body+1","Double Energy+1","Creative AI+1","Lockon+1","Force Field+1","Core Surge","Seek","Meteor Strike+1","Rebound+1","Cold Snap+1","Undo","Skim","Biased Cognition+1","Apotheosis","Compile Driver+1","Defragment+1","Double Energy","Thunder Strike","Barrage"],"special_seed":0,"relics":["Cracked Core","Tiny Chest","Centennial Puzzle","Bronze Scales","Philosopher\u0027s Stone","Frozen Egg 2","War Paint","Happy Flower","Pocketwatch","Astrolabe","Question Card","Anchor","Art of War","Potion Belt","Juzu Bracelet","Mango","Sundial","Vajra"],"potions_floor_usage":[50,50,50],"damage_taken":[{"damage":4.0,"enemies":"2 Louse","floor":1.0,"turns":3.0},{"damage":0.0,"enemies":"Small Slimes","floor":3.0,"turns":3.0},{"damage":1.0,"enemies":"Cultist","floor":4.0,"turns":3.0},{"damage":7.0,"enemies":"3 Sentries","floor":7.0,"turns":11.0},{"damage":0.0,"enemies":"Lots of Slimes","floor":10.0,"turns":4.0},{"damage":0.0,"enemies":"Large Slime","floor":11.0,"turns":9.0},{"damage":21.0,"enemies":"Slime Boss","floor":16.0,"turns":11.0},{"damage":3.0,"enemies":"3 Byrds","floor":18.0,"turns":4.0},{"damage":1.0,"enemies":"Spheric Guardian","floor":19.0,"turns":3.0},{"damage":15.0,"enemies":"Slavers","floor":23.0,"turns":6.0},{"damage":8.0,"enemies":"3 Cultists","floor":25.0,"turns":5.0},{"damage":2.0,"enemies":"Snake Plant","floor":28.0,"turns":4.0},{"damage":5.0,"enemies":"Sentry and Sphere","floor":30.0,"turns":5.0},{"damage":14.0,"enemies":"Gremlin Leader","floor":31.0,"turns":7.0},{"damage":1.0,"enemies":"Champ","floor":33.0,"turns":11.0},{"damage":1.0,"enemies":"Orb Walker","floor":35.0,"turns":3.0},{"damage":5.0,"enemies":"3 Darklings","floor":37.0,"turns":6.0},{"damage":3.0,"enemies":"Nemesis","floor":40.0,"turns":9.0},{"damage":0.0,"enemies":"Maw","floor":41.0,"turns":7.0},{"damage":5.0,"enemies":"Giant Head","floor":42.0,"turns":7.0},{"damage":0.0,"enemies":"Jaw Worm Horde","floor":44.0,"turns":4.0},{"damage":0.0,"enemies":"Transient","floor":45.0,"turns":5.0},{"damage":0,"enemies":"Mind Bloom Boss Battle","floor":46,"turns":6},{"damage":29,"enemies":"Reptomancer","floor":47,"turns":5},{"damage":9,"enemies":"Awakened One","floor":50,"turns":12}],"seed_played":"2182131153129418026","potions_obtained":[{"floor":1.0,"key":"LiquidBronze"},{"floor":4.0,"key":"Energy Potion"},{"floor":10.0,"key":"FearPotion"},{"floor":11.0,"key":"FocusPotion"},{"floor":16.0,"key":"LiquidBronze"},{"floor":25.0,"key":"Weak Potion"},{"floor":28.0,"key":"FearPotion"},{"floor":42.0,"key":"FocusPotion"},{"floor":44.0,"key":"SpeedPotion"},{"floor":45.0,"key":"Ancient Potion"}],"is_trial":false,"path_per_floor":["M","?","M","M","?","R","E","R","T","M","M","$","R","?","R","B",null,"M","M","T","?","$","E","R","M","T","?","M","R","M","E","R","B",null,"M","T","M","$","?","E","M","E","T","M","M","?","E","$","R","B",null],"character_chosen":"DEFECT","items_purchased":["Capacitor","Bronze Scales","Biased Cognition+1","Anchor","Apotheosis","SpeedPotion","Vajra","Barrage"],"campfire_rested":2,"item_purchase_floors":[12,12,38,38,38,48,48,48],"current_hp_per_floor":[60,49,49,48,48,48,41,41,41,41,41,41,41,41,41,20,58,55,54,54,54,54,39,60,52,52,81,79,79,74,60,60,59,76,75,75,70,70,70,67,67,62,62,62,62,76,47,47,75,66],"gold":10,"neow_bonus":"REMOVE_CARD","is_prod":false,"is_daily":false,"chose_seed":false,"campfire_upgraded":6,"win_rate":0,"timestamp":1675879515,"path_taken":["M","?","M","M","?","R","E","R","T","M","?","?","R","?","R","BOSS","M","M","?","?","$","E","R","M","T","?","?","R","M","E","R","BOSS","M","?","M","$","?","E","M","E","T","M","M","?","E","$","R","BOSS"],"build_version":"2022-12-18","purchased_purges":1,"victory":true,"max_hp_per_floor":[71,71,71,71,71,71,71,71,71,71,71,71,71,71,71,71,71,71,71,71,71,71,71,71,71,71,81,81,81,81,81,81,81,81,81,81,81,81,81,81,81,81,81,81,81,95,95,95,95,95],"relic_stats":{"Happy Flower":[30],"counters":[25,153],"Astrolabe":["Meteor Strike","Rebound","Cold Snap"],"Juzu Bracelet":0,"War Paint":["Double Energy","Defend_B"],"Question Card":10,"Centennial Puzzle":[45],"Sundial":[2],"Bronze Scales":[364],"Tiny Chest":2,"Art of War":[8],"obtain_stats":[{"Potion Belt":42,"Happy Flower":26,"Astrolabe":34,"Vajra":48,"Mango":46,"Juzu Bracelet":43,"Frozen Egg 2":20,"War Paint":23,"Question Card":36,"Centennial Puzzle":9,"Anchor":38,"Sundial":47,"Bronze Scales":12,"Tiny Chest":7,"Philosopher\u0027s Stone":17,"Art of War":40,"Cracked Core":0,"Pocketwatch":31},{"Potion Belt":20,"Happy Flower":11,"Astrolabe":15,"Vajra":24,"Mango":23,"Juzu Bracelet":20,"Frozen Egg 2":9,"War Paint":10,"Question Card":16,"Centennial Puzzle":4,"Anchor":17,"Sundial":24,"Bronze Scales":6,"Tiny Chest":4,"Philosopher\u0027s Stone":7,"Art of War":18,"Cracked Core":0,"Pocketwatch":14},{"Potion Belt":121,"Happy Flower":62,"Astrolabe":89,"Vajra":141,"Mango":136,"Juzu Bracelet":121,"Frozen Egg 2":51,"War Paint":57,"Question Card":92,"Centennial Puzzle":20,"Anchor":98,"Sundial":141,"Bronze Scales":33,"Tiny Chest":20,"Philosopher\u0027s Stone":44,"Art of War":107,"Cracked Core":0,"Pocketwatch":78}],"Pocketwatch":[47]},"card_choices":[{"not_picked":["Skim","Go for the Eyes"],"picked":"Leap","floor":1.0},{"not_picked":["Melter","Beam Cell"],"picked":"Glacier","floor":3.0},{"not_picked":["White Noise","Coolheaded"],"picked":"Streamline","floor":4.0},{"not_picked":["All For One","Fusion"],"picked":"Coolheaded","floor":7.0},{"not_picked":["Auto Shields","Recycle"],"picked":"Sweeping Beam","floor":10.0},{"not_picked":["Double Energy","Go for the Eyes","Static Discharge"],"picked":"SKIP","floor":11.0},{"not_picked":["Multi-Cast","Buffer"],"picked":"Echo Form","floor":16.0},{"not_picked":["Cold Snap","Lockon"],"picked":"Barrage","floor":18.0},{"not_picked":["Auto Shields","Lockon"],"picked":"Reinforced Body+1","floor":19.0},{"not_picked":["Reprogram+1","Sweeping Beam"],"picked":"Multi-Cast","floor":23.0},{"not_picked":["Gash","Turbo","BootSequence"],"picked":"SKIP","floor":25.0},{"not_picked":["Static Discharge+1","Beam Cell"],"picked":"Lockon+1","floor":28.0},{"not_picked":["Beam Cell","Genetic Algorithm"],"picked":"Force Field+1","floor":30.0},{"not_picked":["Stack+1","Storm+1"],"picked":"Core Surge","floor":31.0},{"not_picked":["Reboot","Machine Learning+1"],"picked":"Seek","floor":33.0},{"not_picked":["Reprogram","Streamline"],"picked":"Undo","floor":35.0},{"not_picked":["Double Energy","Gash","Melter"],"picked":"Skim","floor":37.0},{"not_picked":["Reprogram+1","Ball Lightning","Redo+1"],"picked":"Compile Driver+1","floor":40.0},{"not_picked":["Compile Driver","Leap","Self Repair+1"],"picked":"Defragment+1","floor":41.0},{"not_picked":["Hello World+1","Beam Cell","Chaos","Sunder"],"picked":"SKIP","floor":42.0},{"not_picked":["Rebound+1","Coolheaded","Turbo"],"picked":"Double Energy","floor":44.0},{"not_picked":["Redo","Sweeping Beam","Static Discharge+1","Rebound"],"picked":"SKIP","floor":45.0},{"not_picked":["Streamline","Leap","Darkness"],"picked":"Thunder Strike","floor":46},{"not_picked":["Leap","Redo","Static Discharge+1","BootSequence+1"],"picked":"SKIP","floor":47}],"player_experience":5505543,"relics_obtained":[{"floor":7.0,"key":"Tiny Chest"},{"floor":9.0,"key":"Centennial Puzzle"},{"floor":20.0,"key":"Frozen Egg 2"},{"floor":23.0,"key":"War Paint"},{"floor":26.0,"key":"Happy Flower"},{"floor":31.0,"key":"Pocketwatch"},{"floor":36.0,"key":"Question Card"},{"floor":40.0,"key":"Art of War"},{"floor":42.0,"key":"Potion Belt"},{"floor":43.0,"key":"Juzu Bracelet"},{"floor":46,"key":"Mango"},{"floor":47,"key":"Sundial"}],"event_choices":[{"damage_healed":0.0,"max_hp_gain":0.0,"max_hp_loss":0.0,"gold_gain":75.0,"event_name":"World of Goop","player_choice":"Gather Gold","floor":2.0,"gold_loss":0.0,"damage_taken":11.0},{"damage_healed":0.0,"max_hp_gain":0.0,"max_hp_loss":0.0,"gold_gain":0.0,"event_name":"Match and Keep!","player_choice":"1 cards matched","floor":5.0,"gold_loss":0.0,"damage_taken":0.0,"cards_obtained":["Glacier"]},{"damage_healed":0.0,"max_hp_gain":0.0,"max_hp_loss":0.0,"gold_gain":0.0,"event_name":"Lab","player_choice":"Got Potions","floor":14.0,"gold_loss":0.0,"damage_taken":0.0},{"damage_healed":0.0,"max_hp_gain":0.0,"max_hp_loss":0.0,"gold_gain":0.0,"cards_transformed":["Strike_B","Strike_B"],"event_name":"Drug Dealer","player_choice":"Became Test Subject","floor":21.0,"gold_loss":0.0,"damage_taken":0.0,"cards_obtained":["Double Energy","Creative AI"]},{"cards_removed":["Multi-Cast"],"damage_healed":19.0,"max_hp_gain":10.0,"max_hp_loss":0.0,"gold_gain":0.0,"event_name":"Bonfire Elementals","player_choice":"Offered Rare","floor":27.0,"gold_loss":0.0,"damage_taken":0.0},{"damage_healed":0.0,"max_hp_gain":0.0,"max_hp_loss":0.0,"gold_gain":0.0,"event_name":"Mysterious Sphere","player_choice":"Ignored","floor":39.0,"gold_loss":0.0,"damage_taken":0.0},{"damage_healed":0,"gold_gain":0,"player_choice":"Fight","damage_taken":0,"max_hp_gain":0,"max_hp_loss":0,"event_name":"MindBloom","floor":46,"gold_loss":0}],"is_beta":false,"boss_relics":[{"not_picked":["Runic Dome","Busted Crown"],"picked":"Philosopher\u0027s Stone"},{"not_picked":["Tiny House","Velvet Choker"],"picked":"Astrolabe"}],"items_purged_floors":[12],"is_endless":false,"potions_floor_spawned":[1,4,10,11,16,18,25,28,42,44,45,47],"ascension_level":15}