{"gold_per_floor":[114,114,132,146,160,160,187,187,187,42,42,56,83,83,83,156,156,168,195,195,40,59,84,84,84,110,139,157,169,169,185,185,263,263,275,497,513,513,527,527,560,560,560,560,588,599,629,85,85,85],"floor_reached":51,"playtime":2045,"items_purged":["Strike_B","Strike_B+1"],"score":1402,"play_id":"457d782e-a0b9-4500-bb54-a725d3cd2594","local_time":"20230203154259","is_ascension_mode":true,"campfire_choices":[{"floor":6.0,"key":"REST"},{"floor":8.0,"key":"REST"},{"data":"Defragment","floor":11.0,"key":"SMITH"},{"data":"Zap","floor":15.0,"key":"SMITH"},{"data":"Recycle","floor":25.0,"key":"SMITH"},{"floor":30.0,"key":"REST"},{"floor":32.0,"key":"REST"},{"floor":40.0,"key":"REST"},{"floor":49,"key":"REST"}],"neow_cost":"PERCENT_DAMAGE","seed_source_timestamp":20865365484900,"circlet_count":0,"master_deck":["AscendersBane","Strike_B+1","Defend_B+1","Defend_B+1","Defend_B+1","Defend_B+1","Zap+1","Dualcast","Thunder Strike","Ball Lightning","Rebound","FTL","Gash","Defragment+1","Compile Driver","Steam","Ball Lightning","Sweeping Beam","Core Surge","Glacier","Hologram","Compile Driver","Recycle+1","Electrodynamics","Barrage","Conserve Battery","Turbo","Seek","Buffer","Defragment","Coolheaded","Scrape+1","Good Instincts","FTL+1","Conserve Battery","Loop+1","Cold Snap","Leap","Defragment+1"],"special_seed":0,"relics":["Cracked Core","Bag of Preparation","Darkstone Periapt","Peace Pipe","Nuclear Battery","Red Mask","Runic Capacitor","Dream Catcher","Vajra","Blood Vial","Sozu","Juzu Bracelet","Frozen Egg 2","Toy Ornithopter","StoneCalendar","Centennial Puzzle","OrangePellets"],"potions_floor_usage":[50,50],"damage_taken":[{"damage":0.0,"enemies":"Cultist","floor":1.0,"turns":4.0},{"damage":8.0,"enemies":"Small Slimes","floor":3.0,"turns":4.0},{"damage":4.0,"enemies":"Jaw Worm","floor":4.0,"turns":3.0},{"damage":17.0,"enemies":"Exordium Wildlife","floor":5.0,"turns":3.0},{"damage":19.0,"enemies":"Lagavulin","floor":7.0,"turns":5.0},{"damage":4.0,"enemies":"2 Fungi Beasts","floor":12.0,"turns":3.0},{"damage":6.0,"enemies":"3 Sentries","floor":13.0,"turns":4.0},{"damage":13.0,"enemies":"Slime Boss","floor":16.0,"turns":6.0},{"damage":0.0,"enemies":"Spheric Guardian","floor":18.0,"turns":2.0},{"damage":14.0,"enemies":"Masked Bandits","floor":19.0,"turns":4.0},{"damage":0.0,"enemies":"Chosen","floor":22.0,"turns":3.0},{"damage":9.0,"enemies":"Slavers","floor":23.0,"turns":5.0},{"damage":13.0,"enemies":"Book of Stabbing","floor":27.0,"turns":4.0},{"damage":3.0,"enemies":"Sentry and Sphere","floor":28.0,"turns":4.0},{"damage":0.0,"enemies":"Centurion and Healer","floor":29.0,"turns":5.0},{"damage":5.0,"enemies":"Cultist and Chosen","floor":31.0,"turns":4.0},{"damage":62.0,"enemies":"Automaton","floor":33.0,"turns":7.0},{"damage":0.0,"enemies":"Orb Walker","floor":35.0,"turns":3.0},{"damage":0.0,"enemies":"3 Darklings","floor":37.0,"turns":4.0},{"damage":16.0,"enemies":"Writhing Mass","floor":39.0,"turns":8.0},{"damage":9,"enemies":"Nemesis","floor":41,"turns":9},{"damage":35,"enemies":"Reptomancer","floor":45,"turns":5},{"damage":13,"enemies":"Spire Growth","floor":46,"turns":4},{"damage":0,"enemies":"Nemesis","floor":47,"turns":11},{"damage":17,"enemies":"Awakened One","floor":50,"turns":14}],"seed_played":"-8452756441731029468","potions_obtained":[{"floor":3.0,"key":"Dexterity Potion"},{"floor":4.0,"key":"ColorlessPotion"},{"floor":5.0,"key":"Swift Potion"},{"floor":12.0,"key":"BlessingOfTheForge"},{"floor":16.0,"key":"DistilledChaos"},{"floor":18.0,"key":"Swift Potion"},{"floor":28.0,"key":"BlessingOfTheForge"},{"floor":29.0,"key":"FocusPotion"},{"floor":33.0,"key":"FocusPotion"}],"is_trial":false,"path_per_floor":["M","?","M","M","M","R","E","R","T","$","R","M","E","?","R","B",null,"M","?","?","$","M","E","?","R","T","E","M","M","R","M","R","B",null,"M","?","M","?","M","R","E","?","T","?","E","M","E","$","R","B",null],"character_chosen":"DEFECT","items_purchased":["Compile Driver","Steam","Runic Capacitor","Cold Snap","Centennial Puzzle","OrangePellets","Leap","Defragment+1"],"campfire_rested":6,"item_purchase_floors":[10,10,21,48,48,48,48,48],"current_hp_per_floor":[46,39,31,27,10,31,12,33,33,33,33,29,23,46,46,33,66,66,52,52,52,52,43,43,43,43,30,29,31,53,50,72,12,59,61,61,63,63,49,70,61,61,61,61,28,17,19,19,40,35],"gold":85,"neow_bonus":"THREE_RARE_CARDS","is_prod":false,"is_daily":false,"chose_seed":false,"campfire_upgraded":3,"win_rate":0,"timestamp":1675467779,"path_taken":["M","?","M","M","M","R","E","R","T","$","R","M","E","?","R","BOSS","M","?","?","$","M","E","?","R","T","E","?","M","R","M","R","BOSS","M","?","M","?","M","R","E","?","T","?","E","M","E","$","R","BOSS"],"build_version":"2022-12-18","purchased_purges":2,"victory":true,"max_hp_per_floor":[71,71,71,71,71,71,71,71,71,71,71,71,71,77,77,77,77,77,77,77,77,77,77,74,74,74,74,74,74,74,74,74,74,74,74,74,74,70,70,70,70,70,70,70,70,70,70,70,70,70],"relic_stats":{"Darkstone Periapt":6,"counters":[25,128],"StoneCalendar":[0],"Bag of Preparation":[40],"Juzu Bracelet":0,"Peace Pipe":0,"Blood Vial":22,"Sozu":2,"OrangePellets":[0],"Dream Catcher":4,"Centennial Puzzle":[3],"obtain_stats":[{"Darkstone Periapt":9,"Vajra":26,"StoneCalendar":47,"Bag of Preparation":7,"Runic Capacitor":21,"Juzu Bracelet":41,"Frozen Egg 2":43,"Nuclear Battery":17,"Peace Pipe":13,"Blood Vial":27,"Sozu":34,"OrangePellets":48,"Dream Catcher":23,"Centennial Puzzle":48,"Red Mask":19,"Cracked Core":0,"Toy Ornithopter":45},{"Darkstone Periapt":5,"Vajra":12,"StoneCalendar":24,"Bag of Preparation":5,"Runic Capacitor":10,"Juzu Bracelet":21,"Frozen Egg 2":21,"Nuclear Battery":8,"Peace Pipe":7,"Blood Vial":13,"Sozu":17,"OrangePellets":24,"Dream Catcher":12,"Centennial Puzzle":24,"Red Mask":10,"Cracked Core":0,"Toy Ornithopter":22},{"Darkstone Periapt":19,"Vajra":46,"StoneCalendar":114,"Bag of Preparation":19,"Runic Capacitor":38,"Juzu Bracelet":94,"Frozen Egg 2":94,"Nuclear Battery":32,"Peace Pipe":26,"Blood Vial":50,"Sozu":70,"OrangePellets":114,"Dream Catcher":46,"Centennial Puzzle":114,"Red Mask":38,"Cracked Core":0,"Toy Ornithopter":99}],"Toy Ornithopter":10},"card_choices":[{"not_picked":["Reboot","Creative AI"],"picked":"Thunder Strike","floor":0.0},{"not_picked":["Compile Driver","Leap"],"picked":"Ball Lightning","floor":1.0},{"not_picked":["Hello World","Hyperbeam"],"picked":"Rebound","floor":3.0},{"not_picked":["Doom and Gloom","Go for the Eyes"],"picked":"FTL","floor":4.0},{"not_picked":["Stack","Cold Snap"],"picked":"Gash","floor":5.0},{"not_picked":["Consume","Beam Cell"],"picked":"Defragment","floor":7.0},{"not_picked":["Compile Driver","Rebound"],"picked":"Ball Lightning","floor":12.0},{"not_picked":["Redo","Rip and Tear"],"picked":"Sweeping Beam","floor":13.0},{"not_picked":["Reboot","Amplify"],"picked":"Core Surge","floor":16.0},{"not_picked":["Double Energy","Conserve Battery"],"picked":"Glacier","floor":18.0},{"not_picked":["Auto Shields","Leap"],"picked":"Hologram","floor":19.0},{"not_picked":["Steam","Sweeping Beam"],"picked":"Compile Driver","floor":22.0},{"not_picked":["Chaos","Ball Lightning"],"picked":"Recycle","floor":23.0},{"not_picked":["Genetic Algorithm","Go for the Eyes"],"picked":"Electrodynamics","floor":27.0},{"not_picked":["Force Field","Sunder"],"picked":"Barrage","floor":28.0},{"not_picked":["Melter","Barrage"],"picked":"Conserve Battery","floor":29.0},{"not_picked":["Steam","Storm"],"picked":"Turbo","floor":30.0},{"not_picked":["Redo+1","Rebound"],"picked":"Seek","floor":31.0},{"not_picked":["Meteor Strike","Reboot"],"picked":"Buffer","floor":33.0},{"not_picked":["Gash","Hologram","Fusion"],"picked":"SKIP","floor":35.0},{"not_picked":["Reprogram","Conserve Battery"],"picked":"Defragment","floor":37.0},{"not_picked":["Sunder+1","Reprogram","Chaos"],"picked":"SKIP","floor":39.0},{"not_picked":["Scrape","White Noise"],"picked":"Coolheaded","floor":40.0},{"not_picked":["Buffer","Turbo"],"picked":"Scrape+1","floor":41},{"not_picked":["Transmutation","Mind Blast"],"picked":"Good Instincts","floor":42},{"not_picked":["Rebound","Ball Lightning"],"picked":"FTL+1","floor":45},{"not_picked":["Compile Driver","Go for the Eyes"],"picked":"Conserve Battery","floor":46},{"not_picked":["Redo","Core Surge"],"picked":"Loop+1","floor":47}],"player_experience":5481657,"relics_obtained":[{"floor":7.0,"key":"Bag of Preparation"},{"floor":9.0,"key":"Darkstone Periapt"},{"floor":13.0,"key":"Peace Pipe"},{"floor":19.0,"key":"Red Mask"},{"floor":23.0,"key":"Dream Catcher"},{"floor":26.0,"key":"Vajra"},{"floor":27.0,"key":"Blood Vial"},{"floor":41,"key":"Juzu Bracelet"},{"floor":43,"key":"Frozen Egg 2"},{"floor":45,"key":"Toy Ornithopter"},{"floor":47,"key":"StoneCalendar"}],"event_choices":[{"cards_removed":["Strike_B"],"damage_healed":0.0,"max_hp_gain":0.0,"max_hp_loss":0.0,"gold_gain":0.0,"event_name":"Golden Wing","player_choice":"Card Removal","floor":2.0,"gold_loss":0.0,"damage_taken":7.0},{"damage_healed":17.0,"max_hp_gain":0.0,"max_hp_loss":0.0,"gold_gain":0.0,"event_name":"Mushrooms","player_choice":"Healed and dodged fight","floor":14.0,"gold_loss":0.0,"damage_taken":0.0,"cards_obtained":["Parasite"]},{"damage_healed":0.0,"max_hp_gain":0.0,"max_hp_loss":0.0,"gold_gain":0.0,"event_name":"Masked Bandits","player_choice":"Fought Bandits","floor":19.0,"gold_loss":0.0,"damage_taken":0.0},{"damage_healed":0.0,"max_hp_gain":0.0,"max_hp_loss":0.0,"gold_gain":0.0,"event_name":"Back to Basics","player_choice":"Simplicity","floor":20.0,"gold_loss":0.0,"damage_taken":0.0,"cards_upgraded":["Strike_B","Strike_B","Defend_B","Defend_B","Defend_B","Defend_B"]},{"cards_removed":["Parasite"],"damage_healed":0.0,"max_hp_gain":0.0,"max_hp_loss":0.0,"gold_gain":0.0,"event_name":"Wheel of Change","player_choice":"Card Removal","floor":24.0,"gold_loss":0.0,"damage_taken":0.0},{"damage_healed":0.0,"max_hp_gain":0.0,"max_hp_loss":0.0,"gold_gain":222.0,"event_name":"Tomb of Lord Red Mask","player_choice":"Wore Mask","floor":36.0,"gold_loss":0.0,"damage_taken":0.0},{"damage_healed":0.0,"max_hp_gain":0.0,"max_hp_loss":4.0,"gold_gain":0.0,"event_name":"Winding Halls","player_choice":"Max HP","floor":38.0,"gold_loss":0.0,"damage_taken":0.0},{"damage_healed":0,"gold_gain":0,"player_choice":"Memory 1","damage_taken":0,"max_hp_gain":0,"max_hp_loss":0,"event_name":"SensoryStone","floor":42,"gold_loss":0},{"damage_healed":0,"gold_gain":0,"player_choice":"Ignored","damage_taken":0,"max_hp_gain":0,"max_hp_loss":0,"event_name":"Mysterious Sphere","floor":44,"gold_loss":0}],"is_beta":false,"boss_relics":[{"not_picked":["SlaversCollar","Tiny House"],"picked":"Nuclear Battery"},{"not_picked":["Velvet Choker","Busted Crown"],"picked":"Sozu"}],"items_purged_floors":[10,48],"is_endless":false,"potions_floor_spawned":[3,4,5,12,16,18,28,29,31,33,39,45],"ascension_level":15}