{"gold_per_floor":[116,135,135,12,25,25,59,59,59,92,102,129,140,153,153,232,232,247,247,247,261,24,24,57,57,57,57,75,101,121,131,131,206,206,217,217,1216,421,439,439,464,464,464,8,25,25,35,46,46,46],"floor_reached":51,"playtime":2101,"items_purged":["Strike_B","Strike_B","Normality","Normality"],"score":1365,"play_id":"bad0e72a-bdf1-4987-b556-fecaa8a1956b","local_time":"20230219152615","is_ascension_mode":true,"campfire_choices":[{"data":"Doom and Gloom","floor":6.0,"key":"SMITH"},{"data":"Dualcast","floor":8.0,"key":"SMITH"},{"floor":15.0,"key":"REST"},{"floor":23.0,"key":"REST"},{"data":"Seek","floor":25.0,"key":"SMITH"},{"data":"Aggregate","floor":27.0,"key":"SMITH"},{"data":"Defragment","floor":32,"key":"SMITH"},{"floor":40,"key":"REST"},{"data":"Coolheaded","floor":46,"key":"SMITH"},{"data":"Fission","floor":49,"key":"SMITH"}],"neow_cost":"NONE","seed_source_timestamp":0,"circlet_count":0,"master_deck":["AscendersBane","Strike_B","Strike_B","Defend_B","Defend_B","Defend_B","Defend_B","Zap+1","Dualcast+1","Rebound","Lockon","Doom and Gloom+1","Conserve Battery","Melter+1","Echo Form","Cold Snap+1","Seek+1","Aggregate+1","Defragment+1","Panacea","Steam","Ball Lightning+1","Reinforced Body","Leap+1","Recycle+1","Machine Learning","Chill","Coolheaded+1","Barrage+1","Stack+1","Go for the Eyes+1","Fission+1","Coolheaded","Compile Driver+1"],"special_seed":0,"relics":["Cracked Core","Molten Egg 2","Ornamental Fan","Regal Pillow","StoneCalendar","Runic Pyramid","Bottled Lightning","StrikeDummy","Boot","Inserter","FossilizedHelix","Du-Vu Doll","Pear","Meat on the Bone","Anchor","Orrery"],"potions_floor_usage":[31,35,41,41],"damage_taken":[{"damage":3.0,"enemies":"2 Louse","floor":1.0,"turns":2.0},{"damage":2.0,"enemies":"Jaw Worm","floor":2.0,"turns":3.0},{"damage":0.0,"enemies":"Cultist","floor":5.0,"turns":4.0},{"damage":20.0,"enemies":"Lagavulin","floor":7.0,"turns":7.0},{"damage":11.0,"enemies":"Gremlin Nob","floor":10.0,"turns":3.0},{"damage":0.0,"enemies":"2 Fungi Beasts","floor":11.0,"turns":2.0},{"damage":24.0,"enemies":"Lagavulin","floor":12.0,"turns":6.0},{"damage":0.0,"enemies":"Large Slime","floor":13.0,"turns":4.0},{"damage":6.0,"enemies":"Looter","floor":14.0,"turns":2.0},{"damage":14.0,"enemies":"Hexaghost","floor":16.0,"turns":7.0},{"damage":14.0,"enemies":"3 Byrds","floor":18.0,"turns":3.0},{"damage":9.0,"enemies":"Shell Parasite","floor":21.0,"turns":4.0},{"damage":5.0,"enemies":"Gremlin Leader","floor":24.0,"turns":6.0},{"damage":23,"enemies":"Snake Plant","floor":28,"turns":4},{"damage":12,"enemies":"Book of Stabbing","floor":29,"turns":5},{"damage":0,"enemies":"Sentry and Sphere","floor":30,"turns":3},{"damage":0,"enemies":"Cultist and Chosen","floor":31,"turns":6},{"damage":6,"enemies":"Champ","floor":33,"turns":10},{"damage":6,"enemies":"3 Shapes","floor":35,"turns":3},{"damage":24,"enemies":"3 Darklings","floor":39,"turns":5},{"damage":0,"enemies":"Giant Head","floor":41,"turns":8},{"damage":0,"enemies":"Transient","floor":45,"turns":5},{"damage":0,"enemies":"4 Shapes","floor":47,"turns":5},{"damage":0,"enemies":"3 Darklings","floor":48,"turns":5},{"damage":25,"enemies":"Time Eater","floor":50,"turns":12}],"seed_played":"-839157610433569628","potions_obtained":[{"floor":2.0,"key":"Weak Potion"},{"floor":12.0,"key":"FearPotion"},{"floor":18.0,"key":"Fire Potion"},{"floor":28,"key":"Energy Potion"},{"floor":33,"key":"Weak Potion"},{"floor":35,"key":"FocusPotion"},{"floor":41,"key":"FairyPotion"},{"floor":45,"key":"Explosive Potion"}],"is_trial":false,"path_per_floor":["M","M","?","$","M","R","E","R","T","E","M","E","M","M","R","B",null,"M","?","?","M","$","R","E","R","T","R","M","E","M","M","R","B",null,"M","?","?","$","M","R","E","?","T","$","M","R","M","M","R","B",null],"character_chosen":"DEFECT","basemod:card_modifiers":[null,null,null,null,null,null,null,null,null,null,null,null,null,null,null,null,null,null,null,null,null,null,null,null,null,null,null,null,null,null,null,null,null,null],"items_purchased":["BlessingOfTheForge","Panacea","Steam","FossilizedHelix","Du-Vu Doll","Chill","Anchor","Orrery"],"campfire_rested":3,"item_purchase_floors":[4,22,22,38,38,38,44,44],"current_hp_per_floor":[68,66,66,66,66,66,46,46,46,35,35,11,11,5,43,29,66,52,52,52,43,43,78,73,73,73,73,50,38,38,38,38,32,67,61,61,61,61,37,75,85,85,85,85,85,85,85,85,85,60],"gold":46,"neow_bonus":"TEN_PERCENT_HP_BONUS","is_prod":false,"is_daily":false,"chose_seed":false,"campfire_upgraded":7,"win_rate":0,"timestamp":1676849175,"path_taken":["M","M","?","$","M","R","E","R","T","E","M","E","M","M","R","BOSS","M","?","?","M","$","R","E","R","T","R","M","E","?","M","R","BOSS","M","?","?","$","M","R","E","?","T","$","M","R","M","M","R","BOSS"],"build_version":"2022-12-18","purchased_purges":4,"victory":true,"max_hp_per_floor":[78,78,78,78,78,78,78,78,78,78,78,78,78,78,78,78,78,78,78,78,78,78,78,78,78,78,78,78,78,78,78,78,78,78,78,78,78,78,78,78,88,88,88,88,88,88,88,88,88,88],"relic_stats":{"Regal Pillow":42,"Inserter":[21],"counters":[25,124],"Ornamental Fan":[124],"StoneCalendar":[144],"Bottled Lightning":"Seek","Boot":[10],"obtain_stats":[{"Regal Pillow":10,"Inserter":34,"Pear":41,"StoneCalendar":12,"Boot":29,"Du-Vu Doll":38,"Anchor":44,"Ornamental Fan":9,"Orrery":44,"Molten Egg 2":7,"Bottled Lightning":24,"Cracked Core":0,"StrikeDummy":26,"FossilizedHelix":38,"Runic Pyramid":17,"Meat on the Bone":43},{"Regal Pillow":5,"Inserter":18,"Pear":21,"StoneCalendar":7,"Boot":15,"Du-Vu Doll":19,"Anchor":21,"Ornamental Fan":4,"Orrery":21,"Molten Egg 2":4,"Bottled Lightning":13,"Cracked Core":0,"StrikeDummy":13,"FossilizedHelix":19,"Runic Pyramid":10,"Meat on the Bone":21},{"Regal Pillow":19,"Inserter":81,"Pear":97,"StoneCalendar":27,"Boot":62,"Du-Vu Doll":84,"Anchor":97,"Ornamental Fan":16,"Orrery":97,"Molten Egg 2":16,"Bottled Lightning":53,"Cracked Core":0,"StrikeDummy":53,"FossilizedHelix":84,"Runic Pyramid":40,"Meat on the Bone":97}],"FossilizedHelix":[65],"Meat on the Bone":0},"card_choices":[{"not_picked":["Steam","Darkness"],"picked":"Rebound","floor":1.0},{"not_picked":["Skim","Redo"],"picked":"Lockon","floor":2.0},{"not_picked":["Beam Cell","Leap"],"picked":"Doom and Gloom","floor":5.0},{"not_picked":["Undo","Blizzard+1"],"picked":"Conserve Battery","floor":7.0},{"not_picked":["Chaos","Storm"],"picked":"Melter+1","floor":10.0},{"not_picked":["Rip and Tear+1","Redo","Steam"],"picked":"SKIP","floor":11.0},{"not_picked":["Stack","White Noise","Heatsinks"],"picked":"SKIP","floor":12.0},{"not_picked":["Steam","White Noise"],"picked":"Echo Form","floor":13.0},{"not_picked":["Sweeping Beam+1","Compile Driver+1"],"picked":"Cold Snap+1","floor":14.0},{"not_picked":["All For One+1","Creative AI"],"picked":"Seek","floor":16.0},{"not_picked":["Conserve Battery","Redo"],"picked":"Aggregate","floor":18.0},{"not_picked":["Chaos+1","Conserve Battery"],"picked":"Defragment","floor":21.0},{"not_picked":["Redo","Amplify"],"picked":"Ball Lightning+1","floor":24.0},{"not_picked":["Beam Cell+1","Stack"],"picked":"Reinforced Body","floor":28},{"not_picked":["Doom and Gloom+1","Scrape+1"],"picked":"Leap+1","floor":29},{"not_picked":["Beam Cell+1","Ball Lightning+1","Amplify"],"picked":"SKIP","floor":30},{"not_picked":["White Noise","Genetic Algorithm"],"picked":"Recycle+1","floor":31},{"not_picked":["Thunder Strike+1","Reboot"],"picked":"Machine Learning","floor":33},{"not_picked":["Ball Lightning+1","Darkness","Steam+1"],"picked":"SKIP","floor":35},{"not_picked":["Loop+1","Barrage+1"],"picked":"Coolheaded","floor":39},{"not_picked":["Melter+1","White Noise"],"picked":"Barrage+1","floor":41},{"not_picked":["Hologram","Scrape+1"],"picked":"Stack+1","floor":44},{"not_picked":["Ball Lightning+1","Streamline+1"],"picked":"Go for the Eyes+1","floor":44},{"not_picked":["Creative AI","Rebound+1"],"picked":"Fission","floor":44},{"not_picked":["Aggregate+1","Scrape+1"],"picked":"Coolheaded","floor":44},{"not_picked":["Ball Lightning+1","Lockon+1"],"picked":"Compile Driver+1","floor":45},{"not_picked":["Beam Cell+1","Steam Power","Cold Snap+1"],"picked":"SKIP","floor":47},{"not_picked":["Leap","Cold Snap+1","Steam"],"picked":"SKIP","floor":48}],"player_experience":5521642,"relics_obtained":[{"floor":7.0,"key":"Molten Egg 2"},{"floor":9.0,"key":"Ornamental Fan"},{"floor":10.0,"key":"Regal Pillow"},{"floor":12.0,"key":"StoneCalendar"},{"floor":24.0,"key":"Bottled Lightning"},{"floor":26.0,"key":"StrikeDummy"},{"floor":29,"key":"Boot"},{"floor":41,"key":"Pear"},{"floor":43,"key":"Meat on the Bone"}],"event_choices":[{"damage_healed":0.0,"max_hp_gain":0.0,"max_hp_loss":0.0,"gold_gain":0.0,"event_name":"Living Wall","player_choice":"Grow","floor":3.0,"gold_loss":0.0,"damage_taken":0.0,"cards_upgraded":["Zap"]},{"damage_healed":0.0,"max_hp_gain":0.0,"max_hp_loss":0.0,"gold_gain":0.0,"event_name":"Vampires","player_choice":"Ignored","floor":19.0,"gold_loss":0.0,"damage_taken":0.0},{"damage_healed":0.0,"max_hp_gain":0.0,"max_hp_loss":0.0,"gold_gain":0.0,"event_name":"N\u0027loth","player_choice":"Ignored","floor":20.0,"gold_loss":0.0,"damage_taken":0.0},{"damage_healed":0,"gold_gain":0,"player_choice":"Ignored","damage_taken":0,"max_hp_gain":0,"max_hp_loss":0,"event_name":"Mysterious Sphere","floor":36,"gold_loss":0},{"damage_healed":0,"gold_gain":999,"player_choice":"Gold","damage_taken":0,"max_hp_gain":0,"max_hp_loss":0,"event_name":"MindBloom","floor":37,"gold_loss":0,"cards_obtained":["Normality","Normality"]},{"damage_healed":0,"gold_gain":0,"player_choice":"Ignored","damage_taken":0,"max_hp_gain":0,"max_hp_loss":0,"event_name":"Tomb of Lord Red Mask","floor":42,"gold_loss":0}],"is_beta":false,"boss_relics":[{"not_picked":["FrozenCore","Cursed Key"],"picked":"Runic Pyramid"},{"not_picked":["Busted Crown","Tiny House"],"picked":"Inserter"}],"items_purged_floors":[4,22,38,44],"is_endless":false,"potions_floor_spawned":[2,12,18,24,28,33,35,41,45],"ascension_level":15}