{"gold_per_floor":[116,134,104,52,65,65,83,100,123,151,151,184,204,235,235,312,312,325,357,375,375,390,390,459,79,79,92,107,135,135,163,163,237,237,249,70,70,85,85,116,116,142,142,154,184,203,215,33,33,33],"floor_reached":51,"playtime":2367,"items_purged":["Defend_B"],"score":1480,"play_id":"b5bef5f9-b7fe-4f3c-bad8-7427abedb989","local_time":"20230212155851","is_ascension_mode":true,"campfire_choices":[{"data":"Cold Snap","floor":6.0,"key":"SMITH"},{"data":"Loop","floor":11.0,"key":"SMITH"},{"data":"Conserve Battery","floor":15.0,"key":"SMITH"},{"floor":23.0,"key":"REST"},{"floor":32.0,"key":"REST"},{"data":"Barrage","floor":49,"key":"SMITH"}],"neow_cost":"NONE","seed_source_timestamp":0,"circlet_count":0,"master_deck":["AscendersBane","Defend_B","Defend_B","Zap+1","Dualcast","Rebound","Chill","Cold Snap+1","Coolheaded","Conserve Battery+1","Loop+1","Compile Driver","Ball Lightning","Reboot","Cold Snap+1","Consume+1","Tempest+1","Sweeping Beam+1","Creative AI+1","FTL","Glacier","Biased Cognition+1","Coolheaded","Defragment+1","Barrage","Self Repair+1","Barrage+1","Recycle","Hologram+1","Reinforced Body+1","Master of Strategy"],"special_seed":0,"relics":["Cracked Core","Boot","Vajra","Akabeko","Mummified Hand","Astrolabe","Red Mask","Tiny Chest","Runic Capacitor","Lantern","StrikeDummy","Juzu Bracelet","Frozen Egg 2","Nuclear Battery","Pantograph","Prayer Wheel","DataDisk","Bird Faced Urn","Pocketwatch"],"potions_floor_usage":[50,50],"damage_taken":[{"damage":0.0,"enemies":"2 Louse","floor":1.0,"turns":2.0},{"damage":1.0,"enemies":"Cultist","floor":2.0,"turns":3.0},{"damage":3.0,"enemies":"Small Slimes","floor":5.0,"turns":3.0},{"damage":15.0,"enemies":"Exordium Thugs","floor":7.0,"turns":5.0},{"damage":0.0,"enemies":"Blue Slaver","floor":8.0,"turns":3.0},{"damage":7.0,"enemies":"Lagavulin","floor":10.0,"turns":7.0},{"damage":2.0,"enemies":"Gremlin Nob","floor":12.0,"turns":3.0},{"damage":8.0,"enemies":"Lots of Slimes","floor":13.0,"turns":3.0},{"damage":0.0,"enemies":"Lagavulin","floor":14.0,"turns":7.0},{"damage":11.0,"enemies":"The Guardian","floor":16.0,"turns":11.0},{"damage":0.0,"enemies":"3 Byrds","floor":18.0,"turns":1.0},{"damage":22.0,"enemies":"Masked Bandits","floor":19.0,"turns":5.0},{"damage":1.0,"enemies":"Chosen","floor":20.0,"turns":4.0},{"damage":13.0,"enemies":"Snake Plant","floor":22.0,"turns":4.0},{"damage":0.0,"enemies":"Slavers","floor":24.0,"turns":4.0},{"damage":10.0,"enemies":"Centurion and Healer","floor":27.0,"turns":4.0},{"damage":0.0,"enemies":"Shelled Parasite and Fungi","floor":28.0,"turns":5.0},{"damage":9.0,"enemies":"Book of Stabbing","floor":29.0,"turns":5.0},{"damage":10.0,"enemies":"Gremlin Leader","floor":31.0,"turns":6.0},{"damage":11.0,"enemies":"Automaton","floor":33.0,"turns":12.0},{"damage":0.0,"enemies":"3 Shapes","floor":35.0,"turns":3.0},{"damage":0.0,"enemies":"Orb Walker","floor":38.0,"turns":3.0},{"damage":1.0,"enemies":"Nemesis","floor":40.0,"turns":5.0},{"damage":4.0,"enemies":"Giant Head","floor":42.0,"turns":8.0},{"damage":0.0,"enemies":"Maw","floor":44.0,"turns":5.0},{"damage":35.0,"enemies":"Nemesis","floor":45.0,"turns":5.0},{"damage":9.0,"enemies":"Jaw Worm Horde","floor":46.0,"turns":3.0},{"damage":0.0,"enemies":"4 Shapes","floor":47.0,"turns":5.0},{"damage":25,"enemies":"Time Eater","floor":50,"turns":11}],"seed_played":"6217491780205808002","potions_obtained":[{"floor":3.0,"key":"PowerPotion"},{"floor":3.0,"key":"FairyPotion"},{"floor":7.0,"key":"CultistPotion"},{"floor":10.0,"key":"AttackPotion"},{"floor":14.0,"key":"Ancient Potion"},{"floor":16.0,"key":"SteroidPotion"},{"floor":22.0,"key":"ColorlessPotion"},{"floor":28.0,"key":"PotionOfCapacity"},{"floor":29.0,"key":"EntropicBrew"},{"floor":38.0,"key":"Dexterity Potion"},{"floor":42.0,"key":"Fruit Juice"},{"floor":46.0,"key":"BlessingOfTheForge"}],"is_trial":false,"path_per_floor":["M","M","?","$","M","R","M","M","T","E","R","E","M","E","R","B",null,"M","?","M","?","M","R","E","$","T","M","M","E","?","E","R","B",null,"M","$","?","M","T","E","?","E","T","M","E","M","M","$","R","B",null],"character_chosen":"DEFECT","basemod:card_modifiers":[null,null,null,null,null,null,null,null,null,null,null,null,null,null,null,null,null,null,null,null,null,null,null,null,null,null,null,null,null,null,null],"items_purchased":["Cold Snap","Runic Capacitor","Lantern","Creative AI","Defragment+1","Barrage","Master of Strategy"],"campfire_rested":2,"item_purchase_floors":[4,25,25,25,36,36,48],"current_hp_per_floor":[64,63,63,63,60,60,45,45,45,38,38,36,28,28,28,17,58,58,36,35,35,22,43,43,43,43,33,33,24,24,14,35,24,59,59,59,59,59,59,68,68,71,71,71,54,56,72,72,72,76],"gold":33,"neow_bonus":"UPGRADE_CARD","is_prod":false,"is_daily":false,"chose_seed":false,"campfire_upgraded":4,"win_rate":0,"timestamp":1676246331,"path_taken":["M","M","?","$","M","R","M","?","T","E","R","E","M","E","R","BOSS","M","?","M","?","M","R","E","$","T","M","?","E","?","E","R","BOSS","M","$","?","M","?","E","?","E","T","M","E","M","M","$","R","BOSS"],"build_version":"2022-12-18","purchased_purges":1,"victory":true,"max_hp_per_floor":[71,71,71,71,71,71,71,71,71,71,71,71,71,71,71,71,71,71,71,71,71,71,71,71,71,71,71,71,71,71,71,71,71,71,71,71,71,71,71,71,71,71,71,71,71,76,76,76,76,76],"relic_stats":{"counters":[29,143],"Mummified Hand":[111],"Astrolabe":["Cold Snap","Consume","Tempest"],"Pantograph":4,"Bird Faced Urn":[40],"Tiny Chest":1,"Prayer Wheel":3,"Juzu Bracelet":1,"Boot":[71],"obtain_stats":[{"Lantern":25,"Astrolabe":17,"Vajra":10,"Runic Capacitor":25,"Juzu Bracelet":29,"Frozen Egg 2":31,"Boot":9,"Akabeko":12,"Nuclear Battery":34,"DataDisk":42,"Mummified Hand":14,"Pantograph":39,"Bird Faced Urn":43,"Tiny Chest":24,"Prayer Wheel":40,"Red Mask":19,"Cracked Core":0,"StrikeDummy":26,"Pocketwatch":45},{"Lantern":15,"Astrolabe":10,"Vajra":6,"Runic Capacitor":15,"Juzu Bracelet":18,"Frozen Egg 2":19,"Boot":5,"Akabeko":7,"Nuclear Battery":20,"DataDisk":24,"Mummified Hand":9,"Pantograph":22,"Bird Faced Urn":24,"Tiny Chest":15,"Prayer Wheel":23,"Red Mask":12,"Cracked Core":0,"StrikeDummy":15,"Pocketwatch":26},{"Lantern":65,"Astrolabe":47,"Vajra":23,"Runic Capacitor":65,"Juzu Bracelet":78,"Frozen Egg 2":84,"Boot":16,"Akabeko":26,"Nuclear Battery":96,"DataDisk":114,"Mummified Hand":36,"Pantograph":102,"Bird Faced Urn":114,"Tiny Chest":65,"Prayer Wheel":107,"Red Mask":53,"Cracked Core":0,"StrikeDummy":65,"Pocketwatch":124}],"Pocketwatch":[18]},"card_choices":[{"not_picked":["Consume","Gash"],"picked":"Rebound","floor":1.0},{"not_picked":["Turbo","Gash"],"picked":"Chill","floor":2.0},{"not_picked":["Turbo","Beam Cell"],"picked":"Coolheaded","floor":5.0},{"not_picked":["Static Discharge","Double Energy"],"picked":"Conserve Battery","floor":7.0},{"not_picked":["Coolheaded","Leap","Storm"],"picked":"SKIP","floor":8.0},{"not_picked":["Rebound","Melter"],"picked":"Loop","floor":10.0},{"not_picked":["Go for the Eyes","Beam Cell"],"picked":"Compile Driver","floor":12.0},{"not_picked":["Self Repair","Sunder"],"picked":"Ball Lightning","floor":13.0},{"not_picked":["Barrage","Gash","Rebound"],"picked":"SKIP","floor":14.0},{"not_picked":["Hyperbeam","Thunder Strike"],"picked":"Reboot","floor":16.0},{"not_picked":["Beam Cell","Melter","Rebound"],"picked":"SKIP","floor":18.0},{"not_picked":["Rip and Tear","Compile Driver","Cold Snap"],"picked":"SKIP","floor":20.0},{"not_picked":["Cold Snap","Barrage+1"],"picked":"Sweeping Beam+1","floor":22.0},{"not_picked":["Barrage","Rebound","Cold Snap"],"picked":"SKIP","floor":24.0},{"not_picked":["Reprogram","Hologram"],"picked":"FTL","floor":27.0},{"not_picked":["Rebound","Sweeping Beam","Sunder"],"picked":"SKIP","floor":28.0},{"not_picked":["Darkness","Rebound","Meteor Strike"],"picked":"SKIP","floor":29.0},{"not_picked":["Undo","Reprogram+1"],"picked":"Glacier","floor":31.0},{"not_picked":["Electrodynamics+1","Amplify"],"picked":"Biased Cognition+1","floor":33.0},{"not_picked":["Turbo","Scrape"],"picked":"Coolheaded","floor":35.0},{"not_picked":["Fusion","Go for the Eyes","Gash+1"],"picked":"SKIP","floor":38.0},{"not_picked":["Beam Cell","Multi-Cast"],"picked":"Barrage","floor":40.0},{"not_picked":["Meteor Strike","Turbo","Fusion"],"picked":"SKIP","floor":42.0},{"not_picked":["Compile Driver","Redo"],"picked":"Recycle","floor":44.0},{"not_picked":["Redo+1","Rebound","Steam+1"],"picked":"SKIP","floor":44.0},{"not_picked":["Auto Shields","Self Repair+1","Sweeping Beam"],"picked":"SKIP","floor":45.0},{"not_picked":["Stack","Coolheaded"],"picked":"Hologram+1","floor":46.0},{"not_picked":["Meteor Strike","Conserve Battery"],"picked":"Reinforced Body+1","floor":46.0},{"not_picked":["Steam","Streamline+1","Recycle"],"picked":"SKIP","floor":47.0},{"not_picked":["Biased Cognition+1","FTL","Cold Snap"],"picked":"SKIP","floor":47.0}],"player_experience":5516618,"relics_obtained":[{"floor":9.0,"key":"Boot"},{"floor":10.0,"key":"Vajra"},{"floor":12.0,"key":"Akabeko"},{"floor":14.0,"key":"Mummified Hand"},{"floor":19.0,"key":"Red Mask"},{"floor":24.0,"key":"Tiny Chest"},{"floor":26.0,"key":"StrikeDummy"},{"floor":29.0,"key":"Juzu Bracelet"},{"floor":31.0,"key":"Frozen Egg 2"},{"floor":39.0,"key":"Pantograph"},{"floor":40.0,"key":"Prayer Wheel"},{"floor":42.0,"key":"DataDisk"},{"floor":43.0,"key":"Bird Faced Urn"},{"floor":45.0,"key":"Pocketwatch"}],"event_choices":[{"damage_healed":0.0,"max_hp_gain":0.0,"max_hp_loss":0.0,"gold_gain":0.0,"event_name":"The Woman in Blue","player_choice":"Bought 2 Potions","floor":3.0,"gold_loss":0.0,"damage_taken":0.0},{"damage_healed":0.0,"max_hp_gain":0.0,"max_hp_loss":0.0,"gold_gain":0.0,"event_name":"Masked Bandits","player_choice":"Fought Bandits","floor":19.0,"gold_loss":0.0,"damage_taken":0.0},{"cards_removed":["Strike_B"],"damage_healed":0.0,"max_hp_gain":0.0,"max_hp_loss":0.0,"gold_gain":0.0,"event_name":"Purifier","player_choice":"Purged","floor":21.0,"gold_loss":0.0,"damage_taken":0.0},{"damage_healed":0.0,"max_hp_gain":0.0,"max_hp_loss":0.0,"gold_gain":0.0,"event_name":"Accursed Blacksmith","player_choice":"Forge","floor":30.0,"gold_loss":0.0,"damage_taken":0.0,"cards_upgraded":["Creative AI"]},{"damage_healed":0.0,"max_hp_gain":0.0,"max_hp_loss":0.0,"gold_gain":0.0,"cards_transformed":["Defend_B"],"event_name":"Transmorgrifier","player_choice":"Transformed","floor":37.0,"gold_loss":0.0,"damage_taken":0.0,"cards_obtained":["Self Repair"]},{"damage_healed":0.0,"max_hp_gain":0.0,"max_hp_loss":0.0,"gold_gain":0.0,"event_name":"Mysterious Sphere","player_choice":"Ignored","floor":41.0,"gold_loss":0.0,"damage_taken":0.0}],"is_beta":false,"boss_relics":[{"not_picked":["Tiny House","Coffee Dripper"],"picked":"Astrolabe"},{"not_picked":["Calling Bell","Runic Dome"],"picked":"Nuclear Battery"}],"items_purged_floors":[36],"is_endless":false,"potions_floor_spawned":[7,10,14,16,22,28,29,31,35,38,42,44,46],"ascension_level":15}