{"gold_per_floor":[12,12,12,12,12,12,43,8,8,41,55,55,70,93,93,189,189,207,207,231,252,267,267,47,80,80,98,142,142,163,197,197,295,295,313,333,41,59,128,128,144,188,188,188,229,265,314,337,337,337],"floor_reached":51,"playtime":2657,"items_purged":["Strike_B+1","Strike_B+1"],"score":1619,"play_id":"71c7ddbe-3248-425b-a4e6-714f20eb9ce7","local_time":"20230218211202","is_ascension_mode":true,"campfire_choices":[{"data":"Compile Driver","floor":6.0,"key":"SMITH"},{"data":"Dualcast","floor":12.0,"key":"SMITH"},{"data":"Defragment","floor":15.0,"key":"SMITH"},{"floor":23.0,"key":"REST"},{"data":"Buffer","floor":29,"key":"SMITH"},{"data":"Capacitor","floor":32,"key":"SMITH"},{"data":"Electrodynamics","floor":40,"key":"SMITH"},{"data":"Echo Form","floor":44,"key":"SMITH"},{"data":"Chill","floor":49,"key":"SMITH"}],"neow_cost":"NO_GOLD","seed_source_timestamp":46706612893300,"circlet_count":0,"master_deck":["AscendersBane","Defend_B+1","Defend_B+1","Defend_B+1","Defend_B+1","Zap+1","Dualcast+1","Compile Driver+1","Melter+1","Chill+1","Sweeping Beam+1","Glacier+1","Undo+1","Defragment+1","FTL+1","Fusion+1","Electrodynamics+1","Capacitor+1","Coolheaded+1","Conserve Battery+1","Echo Form+1","Chaos+1","Compile Driver+1","Reinforced Body+1","Hologram+1","Fission+1","Buffer+1","Self Repair+1","Rainbow+1","Coolheaded+1","Barrage+1","Turbo+1","Master of Strategy+1","Aggregate+1","Compile Driver+1","Capacitor+1","Leap+1","Recycle+1"],"special_seed":0,"relics":["Cracked Core","Golden Idol","Molten Egg 2","Toxic Egg 2","Prayer Wheel","Cursed Key","DataDisk","Pen Nib","Bag of Marbles","Calipers","Black Star","StoneCalendar","Lantern","Pear","CeramicFish","Letter Opener","Dream Catcher","Ancient Tea Set"],"potions_floor_usage":[28,33,39,45,48,50],"damage_taken":[{"damage":0.0,"enemies":"2 Louse","floor":1.0,"turns":3.0},{"damage":15.0,"enemies":"Lagavulin","floor":7.0,"turns":7.0},{"damage":33.0,"enemies":"Gremlin Nob","floor":10.0,"turns":4.0},{"damage":0.0,"enemies":"Jaw Worm","floor":11.0,"turns":3.0},{"damage":0.0,"enemies":"Small Slimes","floor":13.0,"turns":2.0},{"damage":0.0,"enemies":"Exordium Thugs","floor":14.0,"turns":3.0},{"damage":0.0,"enemies":"Hexaghost","floor":16.0,"turns":8.0},{"damage":0.0,"enemies":"3 Byrds","floor":18.0,"turns":5.0},{"damage":0.0,"enemies":"Spheric Guardian","floor":20.0,"turns":3.0},{"damage":4.0,"enemies":"Snake Plant","floor":21.0,"turns":5.0},{"damage":11.0,"enemies":"Snecko","floor":22.0,"turns":5.0},{"damage":6.0,"enemies":"Book of Stabbing","floor":25.0,"turns":6.0},{"damage":0.0,"enemies":"3 Cultists","floor":27.0,"turns":2.0},{"damage":4,"enemies":"Slavers","floor":28,"turns":4},{"damage":0,"enemies":"Snake Plant","floor":30,"turns":4},{"damage":14,"enemies":"Gremlin Leader","floor":31,"turns":6},{"damage":11,"enemies":"Automaton","floor":33,"turns":7},{"damage":4,"enemies":"3 Darklings","floor":35,"turns":3},{"damage":3,"enemies":"Orb Walker","floor":36,"turns":3},{"damage":6,"enemies":"Sphere and 2 Shapes","floor":38,"turns":4},{"damage":7,"enemies":"2 Orb Walkers","floor":39,"turns":5},{"damage":0,"enemies":"Jaw Worm Horde","floor":41,"turns":4},{"damage":18,"enemies":"Reptomancer","floor":42,"turns":4},{"damage":23,"enemies":"Nemesis","floor":45,"turns":7},{"damage":0,"enemies":"4 Shapes","floor":46,"turns":2},{"damage":0,"enemies":"Giant Head","floor":47,"turns":5},{"damage":0,"enemies":"Sphere and 2 Shapes","floor":48,"turns":3},{"damage":0,"enemies":"Awakened One","floor":50,"turns":10}],"seed_played":"-4325602191626613025","potions_obtained":[{"floor":7.0,"key":"LiquidBronze"},{"floor":11.0,"key":"DuplicationPotion"},{"floor":16.0,"key":"Block Potion"},{"floor":21.0,"key":"Weak Potion"},{"floor":25.0,"key":"GamblersBrew"},{"floor":28,"key":"PotionOfCapacity"},{"floor":33,"key":"Energy Potion"},{"floor":41,"key":"EssenceOfSteel"},{"floor":45,"key":"BlessingOfTheForge"},{"floor":47,"key":"Block Potion"},{"floor":48,"key":"Weak Potion"}],"is_trial":false,"path_per_floor":["M","?","?","$","?","R","E","$","T","E","M","R","M","M","R","B",null,"M","?","M","M","M","R","$","E","T","M","E","R","M","E","R","B",null,"M","M","$","M","?","R","M","E","T","R","E","M","E","M","R","B",null],"character_chosen":"DEFECT","basemod:card_modifiers":[null,null,null,null,null,null,null,null,null,null,null,null,null,null,null,null,null,null,null,null,null,null,null,null,null,null,null,null,null,null,null,null,null,null,null,null,null,null],"items_purchased":["Chill","DataDisk","Master of Strategy+1"],"campfire_rested":1,"item_purchase_floors":[8,24,37],"current_hp_per_floor":[64,64,64,64,69,69,54,54,54,21,21,21,21,21,21,21,57,57,57,57,53,42,62,62,56,56,56,52,52,52,58,58,57,66,62,69,69,63,66,66,69,71,71,71,58,58,78,79,79,79],"gold":337,"neow_bonus":"REMOVE_TWO","is_prod":false,"is_daily":false,"chose_seed":false,"campfire_upgraded":8,"win_rate":0,"timestamp":1676783522,"path_taken":["M","?","?","$","?","R","E","?","T","E","M","R","M","M","R","BOSS","M","?","M","M","M","R","?","E","T","M","E","R","M","E","R","BOSS","M","M","$","M","?","R","M","E","T","R","E","M","E","M","R","BOSS"],"build_version":"2022-12-18","purchased_purges":2,"victory":true,"max_hp_per_floor":[71,71,64,64,69,69,69,69,69,69,69,69,69,69,69,69,69,69,69,69,69,69,69,69,69,69,69,69,69,69,69,69,69,69,69,69,69,69,69,69,69,79,79,79,79,79,79,79,79,79],"relic_stats":{"Calipers":[1059],"counters":[28,127],"Golden Idol":197,"CeramicFish":27,"StoneCalendar":[52],"Pen Nib":[12],"Letter Opener":[153],"Cursed Key":0,"Ancient Tea Set":[2],"Dream Catcher":0,"Prayer Wheel":16,"Black Star":3,"obtain_stats":[{"Lantern":42,"Calipers":31,"Pear":42,"Golden Idol":3,"CeramicFish":45,"StoneCalendar":39,"Pen Nib":25,"Letter Opener":45,"Cursed Key":17,"Ancient Tea Set":47,"DataDisk":24,"Dream Catcher":47,"Molten Egg 2":7,"Prayer Wheel":10,"Bag of Marbles":28,"Black Star":34,"Toxic Egg 2":9,"Cracked Core":0},{"Lantern":23,"Calipers":16,"Pear":23,"Golden Idol":1,"CeramicFish":24,"StoneCalendar":21,"Pen Nib":12,"Letter Opener":24,"Cursed Key":7,"Ancient Tea Set":26,"DataDisk":11,"Dream Catcher":26,"Molten Egg 2":2,"Prayer Wheel":3,"Bag of Marbles":14,"Black Star":17,"Toxic Egg 2":2,"Cracked Core":0},{"Lantern":100,"Calipers":70,"Pear":100,"Golden Idol":3,"CeramicFish":107,"StoneCalendar":92,"Pen Nib":54,"Letter Opener":107,"Cursed Key":30,"Ancient Tea Set":114,"DataDisk":48,"Dream Catcher":114,"Molten Egg 2":10,"Prayer Wheel":14,"Bag of Marbles":60,"Black Star":77,"Toxic Egg 2":10,"Cracked Core":0}]},"card_choices":[{"not_picked":["Loop","Beam Cell"],"picked":"Compile Driver","floor":1.0},{"not_picked":["Hologram","Redo"],"picked":"Melter+1","floor":7.0},{"not_picked":["Consume+1","Leap+1"],"picked":"Sweeping Beam+1","floor":10.0},{"not_picked":["Ball Lightning+1","Barrage+1"],"picked":"Glacier+1","floor":11.0},{"not_picked":["Beam Cell+1","Stack+1"],"picked":"Undo+1","floor":11.0},{"not_picked":["Steam Power+1","Leap+1"],"picked":"Defragment","floor":13.0},{"not_picked":["Redo+1","Go for the Eyes+1"],"picked":"FTL+1","floor":13.0},{"not_picked":["Force Field+1","Hologram+1"],"picked":"Fusion+1","floor":14.0},{"not_picked":["Blizzard+1","Sweeping Beam+1","Hello World"],"picked":"SKIP","floor":14.0},{"not_picked":["Creative AI","Reboot+1"],"picked":"Electrodynamics","floor":16.0},{"not_picked":["Hologram+1","Gash+1"],"picked":"Capacitor","floor":18.0},{"not_picked":["Loop","Stack+1"],"picked":"Coolheaded+1","floor":18.0},{"not_picked":["Barrage+1","Rebound+1"],"picked":"Conserve Battery+1","floor":20.0},{"not_picked":["Beam Cell+1","Sweeping Beam+1"],"picked":"Echo Form","floor":20.0},{"not_picked":["Conserve Battery+1","Beam Cell+1"],"picked":"Chaos+1","floor":21.0},{"not_picked":["Sunder+1","Streamline+1","Rebound+1"],"picked":"SKIP","floor":21.0},{"not_picked":["Stack+1","Streamline+1"],"picked":"Compile Driver+1","floor":22.0},{"not_picked":["Gash+1","Rebound+1","Redo+1"],"picked":"SKIP","floor":22.0},{"not_picked":["Ball Lightning+1","Compile Driver+1"],"picked":"Reinforced Body+1","floor":25.0},{"not_picked":["Chaos+1","Go for the Eyes+1"],"picked":"Hologram+1","floor":27.0},{"not_picked":["FTL+1","Doom and Gloom+1"],"picked":"Fission+1","floor":27.0},{"not_picked":["Barrage+1","Steam+1"],"picked":"Buffer","floor":28},{"not_picked":["Stack+1","Gash+1"],"picked":"Self Repair+1","floor":30},{"not_picked":["Ball Lightning+1","Go for the Eyes+1","Self Repair"],"picked":"SKIP","floor":30},{"not_picked":["Hyperbeam+1","Echo Form","Rebound+1"],"picked":"SKIP","floor":31},{"not_picked":["Machine Learning","Amplify+1"],"picked":"Rainbow+1","floor":33},{"not_picked":["Ball Lightning+1","Loop"],"picked":"Coolheaded+1","floor":35},{"not_picked":["Blizzard+1","Darkness+1","Heatsinks"],"picked":"SKIP","floor":35},{"not_picked":["Redo+1","Capacitor"],"picked":"Barrage+1","floor":36},{"not_picked":["Gash+1","Reinforced Body+1"],"picked":"Turbo+1","floor":36},{"not_picked":["Chaos+1","Gash+1","Static Discharge"],"picked":"SKIP","floor":38},{"not_picked":["Gash+1","Barrage+1","Consume+1"],"picked":"SKIP","floor":38},{"not_picked":["Self Repair","Sweeping Beam+1"],"picked":"Aggregate+1","floor":41},{"not_picked":["Turbo+1","Streamline+1"],"picked":"Compile Driver+1","floor":41},{"not_picked":["White Noise+1","Scrape+1","Echo Form"],"picked":"SKIP","floor":42},{"not_picked":["Creative AI","Go for the Eyes+1","Auto Shields+1"],"picked":"SKIP","floor":45},{"not_picked":["Tempest+1","Compile Driver+1"],"picked":"Capacitor+1","floor":46},{"not_picked":["Hologram+1","Ball Lightning+1"],"picked":"Leap+1","floor":46},{"not_picked":["Storm","White Noise+1"],"picked":"Recycle+1","floor":47},{"not_picked":["Steam+1","Go for the Eyes+1","Redo+1"],"picked":"SKIP","floor":48},{"not_picked":["Hologram+1","Leap+1","Beam Cell+1"],"picked":"SKIP","floor":48}],"player_experience":5518985,"relics_obtained":[{"floor":7.0,"key":"Molten Egg 2"},{"floor":9.0,"key":"Toxic Egg 2"},{"floor":10.0,"key":"Prayer Wheel"},{"floor":25.0,"key":"Pen Nib"},{"floor":28,"key":"Bag of Marbles"},{"floor":31,"key":"Calipers"},{"floor":39,"key":"StoneCalendar"},{"floor":42,"key":"Lantern"},{"floor":42,"key":"Pear"},{"floor":45,"key":"CeramicFish"},{"floor":45,"key":"Letter Opener"},{"floor":47,"key":"Dream Catcher"},{"floor":47,"key":"Ancient Tea Set"}],"event_choices":[{"damage_healed":0.0,"max_hp_gain":0.0,"max_hp_loss":0.0,"gold_gain":0.0,"event_name":"Living Wall","player_choice":"Grow","floor":2.0,"gold_loss":0.0,"damage_taken":0.0,"cards_upgraded":["Zap"]},{"damage_healed":0.0,"max_hp_gain":0.0,"max_hp_loss":7.0,"gold_gain":0.0,"event_name":"Golden Idol","player_choice":"Lose Max HP","floor":3.0,"gold_loss":0.0,"damage_taken":0.0,"relics_obtained":["Golden Idol"]},{"damage_healed":0.0,"max_hp_gain":5.0,"max_hp_loss":0.0,"gold_gain":0.0,"event_name":"Big Fish","player_choice":"Donut","floor":5.0,"gold_loss":0.0,"damage_taken":0.0},{"damage_healed":0.0,"max_hp_gain":0.0,"max_hp_loss":0.0,"gold_gain":0.0,"event_name":"Back to Basics","player_choice":"Simplicity","floor":19.0,"gold_loss":0.0,"damage_taken":0.0,"cards_upgraded":["Strike_B","Strike_B","Defend_B","Defend_B","Defend_B","Defend_B"]},{"damage_healed":0,"gold_gain":0,"player_choice":"Fight","damage_taken":0,"max_hp_gain":0,"max_hp_loss":0,"event_name":"Mysterious Sphere","floor":39,"gold_loss":0}],"is_beta":false,"boss_relics":[{"not_picked":["Snecko Eye","Calling Bell"],"picked":"Cursed Key"},{"not_picked":["Inserter","Nuclear Battery"],"picked":"Black Star"}],"items_purged_floors":[24,37],"is_endless":false,"potions_floor_spawned":[7,11,14,16,21,25,28,30,31,33,41,42,45,47,48],"ascension_level":15}