{"gold_per_floor":[367,386,386,461,153,482,482,502,502,516,581,581,187,212,212,283,283,300,175,194,194,214,214,234,234,234,245,95,121,121,151,151,229,229,245,258,269,294,294,321,335,62,62,62,82,115,115,146,146,146],"floor_reached":51,"playtime":2409,"items_purged":["Strike_B","Strike_B","Strike_B","Strike_B","Defend_B"],"score":1795,"play_id":"25da3441-2dae-45cf-b343-a5e3104970ed","local_time":"20230219200543","is_ascension_mode":true,"campfire_choices":[{"floor":7.0,"key":"REST"},{"floor":12.0,"key":"REST"},{"data":"Rainbow","floor":15.0,"key":"SMITH"},{"data":"Biased Cognition","floor":23.0,"key":"SMITH"},{"data":"Doom and Gloom","floor":25.0,"key":"SMITH"},{"data":"Capacitor","floor":32.0,"key":"SMITH"},{"data":"Capacitor","floor":44,"key":"SMITH"},{"data":"Apotheosis","floor":49,"key":"SMITH"}],"neow_cost":"TEN_PERCENT_HP_LOSS","seed_source_timestamp":41025992787500,"circlet_count":0,"master_deck":["AscendersBane","Defend_B","Defend_B","Defend_B","Zap+1","Dualcast","Coolheaded","Compile Driver","Finesse","Gash","Undo","Doom and Gloom+1","Glacier","Rainbow+1","Biased Cognition+1","Compile Driver","Chill","Capacitor+1","Fission","Biased Cognition","Leap+1","Capacitor+1","Barrage","Coolheaded","Barrage","Apotheosis+1"],"special_seed":0,"relics":["Cracked Core","Oddly Smooth Stone","Old Coin","Ornamental Fan","Regal Pillow","DataDisk","OrangePellets","Singing Bowl","Cursed Key","MealTicket","Shovel","SlaversCollar","Torii","Letter Opener","Calipers","Orichalcum"],"potions_floor_usage":[50],"damage_taken":[{"damage":7.0,"enemies":"2 Louse","floor":1.0,"turns":3.0},{"damage":2.0,"enemies":"Jaw Worm","floor":2.0,"turns":5.0},{"damage":37.0,"enemies":"Gremlin Nob","floor":6.0,"turns":5.0},{"damage":0.0,"enemies":"Cultist","floor":8.0,"turns":3.0},{"damage":0.0,"enemies":"Large Slime","floor":10.0,"turns":5.0},{"damage":16.0,"enemies":"Gremlin Nob","floor":11.0,"turns":4.0},{"damage":0.0,"enemies":"3 Sentries","floor":14.0,"turns":7.0},{"damage":0.0,"enemies":"The Guardian","floor":16.0,"turns":13.0},{"damage":0.0,"enemies":"Chosen","floor":18.0,"turns":4.0},{"damage":0.0,"enemies":"Spheric Guardian","floor":20.0,"turns":3.0},{"damage":5.0,"enemies":"Centurion and Healer","floor":22.0,"turns":6.0},{"damage":9.0,"enemies":"Snake Plant","floor":24.0,"turns":4.0},{"damage":0.0,"enemies":"Cultist and Chosen","floor":27.0,"turns":5.0},{"damage":0.0,"enemies":"Slavers","floor":29.0,"turns":4.0},{"damage":4.0,"enemies":"Book of Stabbing","floor":31.0,"turns":6.0},{"damage":0.0,"enemies":"Champ","floor":33.0,"turns":17.0},{"damage":0.0,"enemies":"Orb Walker","floor":35.0,"turns":5.0},{"damage":2.0,"enemies":"3 Shapes","floor":36.0,"turns":4.0},{"damage":9.0,"enemies":"Spire Growth","floor":37.0,"turns":6.0},{"damage":9.0,"enemies":"Mind Bloom Boss Battle","floor":38.0,"turns":6.0},{"damage":0.0,"enemies":"Nemesis","floor":40.0,"turns":7.0},{"damage":0.0,"enemies":"3 Darklings","floor":41.0,"turns":5.0},{"damage":0,"enemies":"Jaw Worm Horde","floor":45,"turns":5},{"damage":0,"enemies":"Giant Head","floor":46,"turns":8},{"damage":0,"enemies":"Reptomancer","floor":48,"turns":5},{"damage":1,"enemies":"Donu and Deca","floor":50,"turns":7}],"seed_played":"-6449004475514097283","potions_obtained":[{"floor":8.0,"key":"DuplicationPotion"},{"floor":11.0,"key":"ColorlessPotion"},{"floor":14.0,"key":"BlessingOfTheForge"},{"floor":16.0,"key":"SneckoOil"},{"floor":21.0,"key":"EntropicBrew"},{"floor":22.0,"key":"BlessingOfTheForge"},{"floor":24.0,"key":"Block Potion"},{"floor":31.0,"key":"PowerPotion"},{"floor":33.0,"key":"Swift Potion"},{"floor":37.0,"key":"Weak Potion"}],"is_trial":false,"path_per_floor":["M","M","?","?","$","E","R","M","T","M","?","R","$","E","R","B",null,"M","$","M","?","M","R","M","R","T","M","$","E","?","E","R","B",null,"M","M","M","?","?","E","M","$","T","R","M","E","?","E","R","B",null],"character_chosen":"DEFECT","basemod:card_modifiers":[null,null,null,null,null,null,null,null,null,null,null,null,null,null,null,null,null,null,null,null,null,null,null,null,null,null],"items_purchased":["Oddly Smooth Stone","Finesse","DataDisk","OrangePellets","LiquidMemories","Barrage"],"campfire_rested":2,"item_purchase_floors":[5,5,13,13,42,42],"current_hp_per_floor":[57,55,55,44,44,7,26,26,26,26,10,44,44,44,44,44,59,61,61,61,61,56,56,49,49,49,49,49,49,49,47,47,47,64,64,62,53,44,44,46,48,63,63,63,65,67,61,63,63,62],"gold":146,"neow_bonus":"TWO_FIFTY_GOLD","is_prod":false,"is_daily":false,"chose_seed":false,"campfire_upgraded":6,"win_rate":0,"timestamp":1676865943,"path_taken":["M","M","?","?","$","E","R","?","T","M","?","R","$","E","R","BOSS","M","$","M","?","M","R","M","R","T","?","$","E","?","E","R","BOSS","M","M","M","?","?","E","M","$","T","R","M","E","?","E","R","BOSS"],"build_version":"2022-12-18","purchased_purges":5,"victory":true,"max_hp_per_floor":[64,64,64,64,64,64,64,64,64,64,64,64,64,64,64,64,64,66,66,66,66,66,66,68,68,68,68,68,68,68,70,70,70,70,70,70,70,70,70,72,74,74,74,74,76,78,82,84,84,84],"relic_stats":{"Regal Pillow":15,"Calipers":[184],"Singing Bowl":20,"Torii":0,"counters":[26,152],"Letter Opener":[122],"Orichalcum":[0],"Cursed Key":0,"OrangePellets":[31],"Shovel":0,"Ornamental Fan":[64],"MealTicket":15,"obtain_stats":[{"Regal Pillow":11,"Calipers":46,"Singing Bowl":14,"Torii":38,"Oddly Smooth Stone":5,"Letter Opener":40,"Orichalcum":48,"Cursed Key":17,"Old Coin":6,"OrangePellets":13,"SlaversCollar":34,"DataDisk":13,"Shovel":31,"Ornamental Fan":9,"MealTicket":29,"Cracked Core":0},{"Regal Pillow":6,"Calipers":24,"Singing Bowl":7,"Torii":20,"Oddly Smooth Stone":2,"Letter Opener":21,"Orichalcum":25,"Cursed Key":8,"Old Coin":3,"OrangePellets":6,"SlaversCollar":16,"DataDisk":6,"Shovel":15,"Ornamental Fan":4,"MealTicket":14,"Cracked Core":0},{"Regal Pillow":25,"Calipers":140,"Singing Bowl":32,"Torii":115,"Oddly Smooth Stone":8,"Letter Opener":122,"Orichalcum":145,"Cursed Key":45,"Old Coin":13,"OrangePellets":25,"SlaversCollar":94,"DataDisk":25,"Shovel":77,"Ornamental Fan":16,"MealTicket":71,"Cracked Core":0}]},"card_choices":[{"not_picked":["Lockon","Scrape"],"picked":"Coolheaded","floor":1.0},{"not_picked":["Go for the Eyes","Conserve Battery"],"picked":"Compile Driver","floor":2.0},{"not_picked":["White Noise","Tempest"],"picked":"Gash","floor":6.0},{"not_picked":["Leap","Hello World"],"picked":"Undo","floor":8.0},{"not_picked":["Go for the Eyes","Sweeping Beam"],"picked":"Doom and Gloom","floor":10.0},{"not_picked":["BootSequence","Turbo"],"picked":"Glacier","floor":11.0},{"not_picked":["Rebound","Aggregate"],"picked":"Rainbow","floor":14.0},{"not_picked":["Buffer","Electrodynamics"],"picked":"Biased Cognition","floor":16.0},{"not_picked":["Melter","Cold Snap","Conserve Battery"],"picked":"Singing Bowl","floor":18.0},{"not_picked":["Tempest","All For One"],"picked":"Compile Driver","floor":20.0},{"not_picked":["Leap","Conserve Battery"],"picked":"Chill","floor":22.0},{"not_picked":["Steam Power","Recycle","Cold Snap"],"picked":"Singing Bowl","floor":24.0},{"not_picked":["Gash","Turbo"],"picked":"Capacitor","floor":27.0},{"not_picked":["Rip and Tear","Conserve Battery"],"picked":"Machine Learning","floor":29.0},{"not_picked":["Coolheaded","Hologram","Force Field"],"picked":"Singing Bowl","floor":31.0},{"not_picked":["Electrodynamics","Hyperbeam"],"picked":"Biased Cognition","floor":33.0},{"not_picked":["Hello World+1","Storm+1"],"picked":"Leap+1","floor":35.0},{"not_picked":["Gash","Chaos"],"picked":"Capacitor","floor":36.0},{"not_picked":["Blizzard","White Noise"],"picked":"Barrage","floor":37.0},{"not_picked":["Stack","Gash+1"],"picked":"Coolheaded","floor":38.0},{"not_picked":["Leap","Streamline","Redo"],"picked":"Singing Bowl","floor":40.0},{"not_picked":["Gash","Streamline","Static Discharge"],"picked":"Singing Bowl","floor":41.0},{"not_picked":["Steam+1","Chill+1","Rebound+1"],"picked":"Singing Bowl","floor":45},{"not_picked":["Streamline","Stack","Fusion"],"picked":"Singing Bowl","floor":46},{"not_picked":["Bandage Up","Discovery","Thinking Ahead"],"picked":"Singing Bowl","floor":47},{"not_picked":["Dark Shackles","Mayhem"],"picked":"Apotheosis","floor":47},{"not_picked":["Madness","Metamorphosis","Blind"],"picked":"Singing Bowl","floor":47},{"not_picked":["Heatsinks","Leap","Biased Cognition"],"picked":"Singing Bowl","floor":48}],"player_experience":5523743,"relics_obtained":[{"floor":6.0,"key":"Old Coin"},{"floor":9.0,"key":"Ornamental Fan"},{"floor":11.0,"key":"Regal Pillow"},{"floor":14.0,"key":"Singing Bowl"},{"floor":29.0,"key":"MealTicket"},{"floor":31.0,"key":"Shovel"},{"floor":38.0,"key":"Torii"},{"floor":40.0,"key":"Letter Opener"},{"floor":46,"key":"Calipers"},{"floor":48,"key":"Orichalcum"}],"event_choices":[{"damage_healed":0.0,"max_hp_gain":0.0,"max_hp_loss":0.0,"gold_gain":0.0,"event_name":"Living Wall","player_choice":"Grow","floor":3.0,"gold_loss":0.0,"damage_taken":0.0,"cards_upgraded":["Zap"]},{"damage_healed":0.0,"max_hp_gain":0.0,"max_hp_loss":0.0,"gold_gain":75.0,"event_name":"World of Goop","player_choice":"Gather Gold","floor":4.0,"gold_loss":0.0,"damage_taken":11.0},{"damage_healed":0.0,"max_hp_gain":0.0,"max_hp_loss":0.0,"gold_gain":0.0,"event_name":"Dead Adventurer","player_choice":"Searched \u00271\u0027 times","floor":11.0,"gold_loss":0.0,"damage_taken":0.0},{"damage_healed":0.0,"max_hp_gain":0.0,"max_hp_loss":0.0,"gold_gain":0.0,"event_name":"Lab","player_choice":"Got Potions","floor":21.0,"gold_loss":0.0,"damage_taken":0.0},{"damage_healed":0.0,"max_hp_gain":0.0,"max_hp_loss":0.0,"gold_gain":0.0,"event_name":"Match and Keep!","player_choice":"1 cards matched","floor":30.0,"gold_loss":0.0,"damage_taken":0.0,"cards_obtained":["Fission"]},{"damage_healed":0.0,"max_hp_gain":0.0,"max_hp_loss":0.0,"gold_gain":0.0,"event_name":"MindBloom","player_choice":"Fight","floor":38.0,"gold_loss":0.0,"damage_taken":0.0},{"cards_removed":["Machine Learning"],"damage_healed":0.0,"max_hp_gain":0.0,"max_hp_loss":0.0,"gold_gain":0.0,"event_name":"Falling","player_choice":"Removed Power","floor":39.0,"gold_loss":0.0,"damage_taken":0.0},{"damage_healed":0,"gold_gain":0,"player_choice":"Memory 3","damage_taken":10,"max_hp_gain":0,"max_hp_loss":0,"event_name":"SensoryStone","floor":47,"gold_loss":0}],"is_beta":false,"boss_relics":[{"not_picked":["SacredBark","Astrolabe"],"picked":"Cursed Key"},{"not_picked":["Fusion Hammer","Snecko Eye"],"picked":"SlaversCollar"}],"items_purged_floors":[5,13,19,28,42],"is_endless":false,"potions_floor_spawned":[8,11,14,16,22,24,31,33,35,37,45,48],"ascension_level":15}