{"gold_per_floor":[112,112,132,132,132,166,166,201,201,201,226,241,241,272,272,361,361,375,396,270,290,304,304,304,229,255,274,313,313,338,253,253,253],"floor_reached":33,"playtime":1033,"items_purged":["Strike_B"],"score":499,"play_id":"a700c7aa-e14f-4c4c-a3e7-17b4b8ec8c27","local_time":"20230210105224","is_ascension_mode":true,"campfire_choices":[{"data":"Zap","floor":7.0,"key":"SMITH"},{"data":"Ball Lightning","floor":13.0,"key":"SMITH"},{"data":"1","floor":15.0,"key":"LIFT"},{"floor":23.0,"key":"REST"},{"floor":29.0,"key":"REST"},{"data":"Consume","floor":32,"key":"SMITH"}],"neow_cost":"NONE","seed_source_timestamp":180692107396000,"circlet_count":0,"master_deck":["AscendersBane","Strike_B","Strike_B","Defend_B","Defend_B","Defend_B","Defend_B","Zap+1","Dualcast","Rip and Tear+1","Cold Snap","Compile Driver","Ball Lightning+1","Recycle","Chill","Barrage","Echo Form","Skim","Turbo+1","Capacitor+1","Consume+1","Barrage+1"],"special_seed":0,"relics":["Cracked Core","Golden Idol","Emotion Chip","Unceasing Top","Blood Vial","Symbiotic Virus","Girya","SlaversCollar","Dream Catcher","Potion Belt","Question Card"],"potions_floor_usage":[33],"damage_taken":[{"damage":5.0,"enemies":"Small Slimes","floor":1.0,"turns":3.0},{"damage":9.0,"enemies":"2 Louse","floor":3.0,"turns":3.0},{"damage":3.0,"enemies":"3 Sentries","floor":6.0,"turns":3.0},{"damage":29.0,"enemies":"Gremlin Nob","floor":8.0,"turns":4.0},{"damage":0.0,"enemies":"Jaw Worm","floor":11.0,"turns":3.0},{"damage":2.0,"enemies":"3 Louse","floor":12.0,"turns":3.0},{"damage":13.0,"enemies":"Lagavulin","floor":14.0,"turns":4.0},{"damage":9.0,"enemies":"Slime Boss","floor":16.0,"turns":7.0},{"damage":5.0,"enemies":"Chosen","floor":18.0,"turns":3.0},{"damage":7.0,"enemies":"Shell Parasite","floor":19.0,"turns":3.0},{"damage":0.0,"enemies":"Centurion and Healer","floor":21.0,"turns":5.0},{"damage":18.0,"enemies":"3 Cultists","floor":22.0,"turns":5.0},{"damage":15.0,"enemies":"Shelled Parasite and Fungi","floor":27.0,"turns":3.0},{"damage":12.0,"enemies":"Book of Stabbing","floor":28.0,"turns":4.0},{"damage":12,"enemies":"Snecko","floor":30,"turns":4},{"damage":75,"enemies":"Collector","floor":33,"turns":6}],"seed_played":"-1068504545113639656","potions_obtained":[{"floor":0.0,"key":"Fruit Juice"},{"floor":0.0,"key":"PowerPotion"},{"floor":0.0,"key":"EssenceOfDarkness"},{"floor":6.0,"key":"Fruit Juice"},{"floor":8.0,"key":"Regen Potion"},{"floor":14.0,"key":"Swift Potion"},{"floor":22.0,"key":"Fire Potion"},{"floor":27.0,"key":"Energy Potion"}],"is_trial":false,"path_per_floor":["M","?","M","?","?","E","R","E","T","?","M","M","R","E","R","B",null,"M","M","$","M","M","R","?","?","T","M","E","R","M","?","R","B"],"character_chosen":"DEFECT","items_purchased":["Block Potion"],"campfire_rested":2,"item_purchase_floors":[20],"current_hp_per_floor":[64,64,55,55,44,41,41,17,17,22,33,33,33,22,22,15,63,60,55,55,57,41,64,64,64,64,51,41,64,54,54,54,0],"gold":253,"neow_bonus":"THREE_SMALL_POTIONS","is_prod":false,"is_daily":false,"chose_seed":false,"campfire_upgraded":3,"win_rate":0,"timestamp":1676055144,"path_taken":["M","?","M","?","?","E","R","E","T","?","M","M","R","E","R","BOSS","M","M","$","M","M","R","?","?","T","M","E","R","M","?","R","BOSS"],"build_version":"2022-12-18","purchased_purges":1,"victory":false,"max_hp_per_floor":[76,69,69,69,69,69,69,74,74,79,79,79,79,79,79,79,79,79,79,79,79,79,79,79,79,79,79,79,79,79,79,79,79],"relic_stats":{"Blood Vial":24,"Girya":1,"Emotion Chip":[65,25,19,21,0],"Dream Catcher":1,"counters":[16,63],"Golden Idol":81,"Question Card":0,"obtain_stats":[{"Blood Vial":8,"Potion Belt":28,"Girya":14,"SlaversCollar":17,"Emotion Chip":5,"Dream Catcher":26,"Golden Idol":2,"Cracked Core":0,"Symbiotic Virus":9,"Question Card":31,"Unceasing Top":6},{"Blood Vial":4,"Potion Belt":14,"Girya":7,"SlaversCollar":8,"Emotion Chip":2,"Dream Catcher":12,"Golden Idol":1,"Cracked Core":0,"Symbiotic Virus":4,"Question Card":15,"Unceasing Top":3},{"Blood Vial":13,"Potion Belt":53,"Girya":23,"SlaversCollar":30,"Emotion Chip":6,"Dream Catcher":46,"Golden Idol":3,"Cracked Core":0,"Symbiotic Virus":13,"Question Card":57,"Unceasing Top":9}],"Unceasing Top":[6]},"card_choices":[{"not_picked":["Genetic Algorithm","Force Field"],"picked":"Rip and Tear","floor":1.0},{"not_picked":["Fusion","Self Repair"],"picked":"Cold Snap","floor":3.0},{"not_picked":["Rebound","Go for the Eyes"],"picked":"Compile Driver","floor":6.0},{"not_picked":["Self Repair","Force Field"],"picked":"Ball Lightning","floor":8.0},{"not_picked":["Consume","Turbo"],"picked":"Recycle","floor":11.0},{"not_picked":["Hologram","Coolheaded"],"picked":"Chill","floor":12.0},{"not_picked":["BootSequence","Sweeping Beam"],"picked":"Barrage","floor":14.0},{"not_picked":["Fission","Electrodynamics"],"picked":"Echo Form","floor":16.0},{"not_picked":["Doom and Gloom","Scrape"],"picked":"Skim","floor":18.0},{"not_picked":["Steam","Lockon+1"],"picked":"Turbo+1","floor":19.0},{"not_picked":["Redo","Stack","Leap"],"picked":"SKIP","floor":21.0},{"not_picked":["Defragment","Redo"],"picked":"Capacitor+1","floor":22.0},{"not_picked":["Doom and Gloom","Recycle"],"picked":"Consume","floor":27.0},{"not_picked":["Genetic Algorithm","Compile Driver"],"picked":"Barrage+1","floor":28.0},{"not_picked":["Rebound","Redo","Gash"],"picked":"SKIP","floor":30}],"player_experience":5515585,"relics_obtained":[{"floor":6.0,"key":"Unceasing Top"},{"floor":8.0,"key":"Blood Vial"},{"floor":9.0,"key":"Symbiotic Virus"},{"floor":14.0,"key":"Girya"},{"floor":26.0,"key":"Dream Catcher"},{"floor":28.0,"key":"Potion Belt"}],"event_choices":[{"damage_healed":0.0,"max_hp_gain":0.0,"max_hp_loss":7.0,"gold_gain":0.0,"event_name":"Golden Idol","player_choice":"Lose Max HP","floor":2.0,"gold_loss":0.0,"damage_taken":0.0,"relics_obtained":["Golden Idol"]},{"damage_healed":0.0,"max_hp_gain":0.0,"max_hp_loss":0.0,"gold_gain":0.0,"event_name":"Living Wall","player_choice":"Grow","floor":4.0,"gold_loss":0.0,"damage_taken":0.0,"cards_upgraded":["Rip and Tear"]},{"damage_healed":0.0,"max_hp_gain":0.0,"max_hp_loss":0.0,"gold_gain":0.0,"event_name":"Scrap Ooze","player_choice":"Success","floor":5.0,"gold_loss":0.0,"damage_taken":11.0,"relics_obtained":["Emotion Chip"]},{"damage_healed":0.0,"max_hp_gain":5.0,"max_hp_loss":0.0,"gold_gain":0.0,"event_name":"Big Fish","player_choice":"Donut","floor":10.0,"gold_loss":0.0,"damage_taken":0.0},{"damage_healed":0.0,"max_hp_gain":0.0,"max_hp_loss":0.0,"gold_gain":0.0,"event_name":"Ghosts","player_choice":"Ignored","floor":24.0,"gold_loss":0.0,"damage_taken":0.0},{"cards_removed":["Strike_B"],"damage_healed":0.0,"max_hp_gain":0.0,"max_hp_loss":0.0,"gold_gain":0.0,"event_name":"Beggar","player_choice":"Gave Gold","floor":25.0,"gold_loss":75.0,"damage_taken":0.0},{"damage_healed":0,"gold_gain":0,"player_choice":"Obtained Relic","damage_taken":0,"relics_obtained":["Question Card"],"max_hp_gain":0,"max_hp_loss":0,"event_name":"Addict","floor":31,"gold_loss":85}],"is_beta":false,"boss_relics":[{"not_picked":["Fusion Hammer","Ectoplasm"],"picked":"SlaversCollar"}],"items_purged_floors":[20],"is_endless":false,"potions_floor_spawned":[1,6,8,14,22,27],"killed_by":"Collector","ascension_level":15}