{"gold_per_floor":[19,33,33,33,50,50,81,99,99,133,153,188,207,13,13,88,88,105,155,166,166,80,80,108,123,172,184,214,214,246,259,259,333,333,348,348,348,273,273,306,316,327,327,354,379,379,138,165,165,165],"floor_reached":51,"playtime":2757,"items_purged":["Defend_B","Defend_B"],"score":1535,"play_id":"e4245619-1222-4597-984e-7816596a934b","local_time":"20230507223454","is_ascension_mode":true,"campfire_choices":[{"data":"Doom and Gloom","floor":6.0,"key":"SMITH"},{"data":"Zap","floor":15.0,"key":"SMITH"},{"data":"Conserve Battery","floor":23.0,"key":"SMITH"},{"data":"Capacitor","floor":29.0,"key":"SMITH"},{"data":"Conserve Battery","floor":32,"key":"SMITH"},{"data":"Loop","floor":46,"key":"SMITH"},{"floor":49,"key":"REST"}],"neow_cost":"NO_GOLD","seed_source_timestamp":140699061849300,"circlet_count":0,"master_deck":["AscendersBane","Strike_B+1","Strike_B+1","Defend_B+1","Zap+1","Dualcast+1","Conserve Battery+1","Doom and Gloom+1","Conserve Battery+1","Coolheaded+1","Fusion+1","Hologram+1","Multi-Cast+1","Ball Lightning+1","Echo Form+1","Go for the Eyes+1","Capacitor+1","BootSequence+1","Dark Shackles+1","Genetic Algorithm+1","Skim+1","Consume+1","Gash+1","Seek+1","Coolheaded+1","Sweeping Beam+1","Loop+1","Recycle+1","Redo+1","Fission+1","Undo+1"],"special_seed":0,"relics":["Cracked Core","Turnip","Nunchaku","Meat on the Bone","Toxic Egg 2","Whetstone","Bag of Preparation","Astrolabe","Pear","MealTicket","Pocketwatch","Bottled Tornado","Nuclear Battery","Bag of Marbles","InkBottle","War Paint","Du-Vu Doll","Oddly Smooth Stone"],"potions_floor_usage":[30,30,50,50],"damage_taken":[{"damage":0.0,"enemies":"Cultist","floor":1.0,"turns":4.0},{"damage":0.0,"enemies":"Small Slimes","floor":2.0,"turns":3.0},{"damage":2.0,"enemies":"Jaw Worm","floor":5.0,"turns":3.0},{"damage":25.0,"enemies":"3 Sentries","floor":7.0,"turns":4.0},{"damage":0.0,"enemies":"2 Fungi Beasts","floor":8.0,"turns":2.0},{"damage":13.0,"enemies":"Gremlin Nob","floor":10.0,"turns":4.0},{"damage":5.0,"enemies":"Gremlin Gang","floor":11.0,"turns":4.0},{"damage":12.0,"enemies":"3 Sentries","floor":12.0,"turns":4.0},{"damage":3.0,"enemies":"Large Slime","floor":13.0,"turns":6.0},{"damage":9.0,"enemies":"The Guardian","floor":16.0,"turns":10.0},{"damage":14.0,"enemies":"Shell Parasite","floor":18.0,"turns":6.0},{"damage":1.0,"enemies":"Chosen","floor":20.0,"turns":5.0},{"damage":9.0,"enemies":"Book of Stabbing","floor":24.0,"turns":7.0},{"damage":0.0,"enemies":"Snake Plant","floor":25.0,"turns":4.0},{"damage":15.0,"enemies":"Shelled Parasite and Fungi","floor":27.0,"turns":7.0},{"damage":0.0,"enemies":"Gremlin Leader","floor":28.0,"turns":6.0},{"damage":21,"enemies":"Slavers","floor":30,"turns":4},{"damage":0,"enemies":"Snecko","floor":31,"turns":5},{"damage":38,"enemies":"Automaton","floor":33,"turns":12},{"damage":0,"enemies":"Orb Walker","floor":35,"turns":4},{"damage":0,"enemies":"Nemesis","floor":40,"turns":9},{"damage":0,"enemies":"3 Darklings","floor":41,"turns":5},{"damage":0,"enemies":"4 Shapes","floor":42,"turns":3},{"damage":26,"enemies":"Reptomancer","floor":44,"turns":10},{"damage":0,"enemies":"Mind Bloom Boss Battle","floor":45,"turns":7},{"damage":0,"enemies":"Nemesis","floor":48,"turns":7},{"damage":8,"enemies":"Donu and Deca","floor":50,"turns":10}],"seed_played":"-5526419792994848381","potions_obtained":[{"floor":5.0,"key":"AttackPotion"},{"floor":7.0,"key":"DuplicationPotion"},{"floor":10.0,"key":"Weak Potion"},{"floor":16.0,"key":"Fire Potion"},{"floor":31,"key":"Dexterity Potion"},{"floor":33,"key":"Strength Potion"},{"floor":42,"key":"FocusPotion"}],"is_trial":false,"path_per_floor":["M","M","$","?","M","R","E","M","T","E","M","E","M","$","R","B",null,"M","?","M","?","$","R","E","M","T","M","E","R","E","M","R","B",null,"M","?","?","$","?","E","M","M","T","E","?","R","$","E","R","B",null],"character_chosen":"DEFECT","basemod:card_modifiers":[null,null,null,null,null,null,null,null,null,null,null,null,null,null,null,null,null,null,null,null,null,null,null,null,null,null,null,null,null,null,null],"items_purchased":["Bag of Preparation","Hologram+1","Dark Shackles+1","Fission+1"],"campfire_rested":1,"item_purchase_floors":[14,14,22,47],"current_hp_per_floor":[64,64,64,64,62,62,37,37,37,36,43,43,40,40,40,43,64,50,50,49,49,49,49,50,50,50,47,47,47,38,50,50,24,67,67,67,67,81,81,81,81,81,81,55,55,55,70,70,81,73],"gold":165,"neow_bonus":"ONE_RARE_RELIC","is_prod":false,"is_daily":false,"chose_seed":false,"campfire_upgraded":6,"win_rate":0,"timestamp":1683524094,"path_taken":["M","M","?","?","M","R","E","M","T","E","M","E","M","$","R","BOSS","M","?","M","?","$","R","E","M","T","M","E","R","E","?","R","BOSS","M","?","?","$","?","E","?","M","T","E","?","R","$","E","R","BOSS"],"build_version":"2022-12-18","purchased_purges":2,"victory":true,"max_hp_per_floor":[71,71,71,71,71,71,71,71,71,71,71,71,71,71,71,71,71,71,71,71,71,71,71,81,81,81,81,81,81,81,81,81,81,81,81,81,81,81,81,81,81,81,81,81,81,81,81,81,81,81],"relic_stats":{"counters":[27,155],"Astrolabe":["Ball Lightning","Echo Form","Go for the Eyes"],"Bag of Preparation":[36],"Whetstone":["Strike_B","Strike_B"],"Bottled Tornado":"Echo Form","War Paint":["Dualcast","Defend_B"],"Nunchaku":[24],"MealTicket":29,"Turnip":[13],"obtain_stats":[{"Pear":24,"Astrolabe":17,"Oddly Smooth Stone":48,"Bag of Preparation":14,"Whetstone":12,"Bottled Tornado":30,"War Paint":44,"Nuclear Battery":34,"Du-Vu Doll":45,"Nunchaku":7,"MealTicket":26,"Turnip":0,"Bag of Marbles":40,"Toxic Egg 2":10,"Cracked Core":0,"InkBottle":43,"Meat on the Bone":9,"Pocketwatch":28},{"Pear":13,"Astrolabe":10,"Oddly Smooth Stone":26,"Bag of Preparation":9,"Whetstone":8,"Bottled Tornado":17,"War Paint":24,"Nuclear Battery":19,"Du-Vu Doll":25,"Nunchaku":4,"MealTicket":14,"Turnip":0,"Bag of Marbles":21,"Toxic Egg 2":6,"Cracked Core":0,"InkBottle":23,"Meat on the Bone":5,"Pocketwatch":16},{"Pear":62,"Astrolabe":44,"Oddly Smooth Stone":145,"Bag of Preparation":34,"Whetstone":28,"Bottled Tornado":83,"War Paint":131,"Nuclear Battery":100,"Du-Vu Doll":138,"Nunchaku":14,"MealTicket":66,"Turnip":0,"Bag of Marbles":113,"Toxic Egg 2":20,"Cracked Core":0,"InkBottle":121,"Meat on the Bone":16,"Pocketwatch":79}],"InkBottle":[17],"Meat on the Bone":96,"Pocketwatch":[48]},"card_choices":[{"not_picked":["White Noise","Hologram"],"picked":"Rebound","floor":1.0},{"not_picked":["Redo","Rebound"],"picked":"Conserve Battery","floor":2.0},{"not_picked":["Loop","Fusion"],"picked":"Doom and Gloom","floor":5.0},{"not_picked":["Compile Driver","Creative AI"],"picked":"Go for the Eyes","floor":7.0},{"not_picked":["Auto Shields","Rip and Tear"],"picked":"Conserve Battery","floor":8.0},{"not_picked":["Streamline","Rebound","Barrage"],"picked":"SKIP","floor":10.0},{"not_picked":["Steam+1","Sweeping Beam"],"picked":"Coolheaded+1","floor":11.0},{"not_picked":["Lockon","Melter"],"picked":"Fusion+1","floor":12.0},{"not_picked":["Rebound","Creative AI","Beam Cell"],"picked":"SKIP","floor":13.0},{"not_picked":["Echo Form","Hyperbeam"],"picked":"Multi-Cast+1","floor":16.0},{"not_picked":["Stack+1","Leap+1","Rip and Tear"],"picked":"SKIP","floor":18.0},{"not_picked":["Double Energy+1","Fusion+1"],"picked":"Capacitor","floor":20.0},{"not_picked":["Sweeping Beam","Echo Form"],"picked":"Genetic Algorithm+1","floor":24.0},{"not_picked":["Rebound","Lockon"],"picked":"Skim+1","floor":25.0},{"not_picked":["Chill+1","Streamline"],"picked":"Consume+1","floor":27.0},{"not_picked":["Turbo+1","Beam Cell","Gash"],"picked":"SKIP","floor":28.0},{"not_picked":["Rebound","Cold Snap","Gash"],"picked":"SKIP","floor":30},{"not_picked":["Stack+1","Steam+1"],"picked":"Gash+1","floor":31},{"not_picked":["Biased Cognition","Reboot+1"],"picked":"Seek+1","floor":33},{"not_picked":["Sweeping Beam","Gash"],"picked":"Coolheaded+1","floor":35},{"not_picked":["Rip and Tear","Scrape"],"picked":"Sweeping Beam+1","floor":40},{"not_picked":["Gash+1","Coolheaded+1"],"picked":"Loop","floor":41},{"not_picked":["Go for the Eyes","Streamline+1","Hologram+1"],"picked":"SKIP","floor":42},{"not_picked":["Streamline+1","Beam Cell"],"picked":"Recycle+1","floor":44},{"not_picked":["Streamline","Barrage"],"picked":"Redo+1","floor":45},{"not_picked":["Redo+1","Leap+1"],"picked":"Undo+1","floor":48}],"player_experience":5587103,"relics_obtained":[{"floor":7.0,"key":"Nunchaku"},{"floor":9.0,"key":"Meat on the Bone"},{"floor":10.0,"key":"Toxic Egg 2"},{"floor":12.0,"key":"Whetstone"},{"floor":24.0,"key":"Pear"},{"floor":26.0,"key":"MealTicket"},{"floor":28.0,"key":"Pocketwatch"},{"floor":30,"key":"Bottled Tornado"},{"floor":40,"key":"Bag of Marbles"},{"floor":43,"key":"InkBottle"},{"floor":44,"key":"War Paint"},{"floor":45,"key":"Du-Vu Doll"},{"floor":48,"key":"Oddly Smooth Stone"}],"event_choices":[{"damage_healed":0.0,"max_hp_gain":0.0,"max_hp_loss":0.0,"gold_gain":0.0,"event_name":"Liars Game","player_choice":"Ignored","floor":4.0,"gold_loss":0.0,"damage_taken":0.0},{"damage_healed":0.0,"max_hp_gain":0.0,"max_hp_loss":0.0,"gold_gain":50.0,"event_name":"Nest","player_choice":"Stole From Cult","floor":19.0,"gold_loss":0.0,"damage_taken":0.0},{"damage_healed":0.0,"max_hp_gain":0.0,"max_hp_loss":0.0,"gold_gain":0.0,"cards_transformed":["Go for the Eyes"],"event_name":"Transmorgrifier","player_choice":"Transformed","floor":21.0,"gold_loss":0.0,"damage_taken":0.0,"cards_obtained":["BootSequence"]},{"damage_healed":0,"gold_gain":0,"player_choice":"Ignored","damage_taken":0,"max_hp_gain":0,"max_hp_loss":0,"event_name":"Tomb of Lord Red Mask","floor":36,"gold_loss":0},{"damage_healed":0,"gold_gain":0,"player_choice":"Memory 1","damage_taken":0,"max_hp_gain":0,"max_hp_loss":0,"event_name":"SensoryStone","floor":37,"gold_loss":0},{"cards_removed":["Rebound"],"damage_healed":0,"gold_gain":0,"player_choice":"Removed Attack","damage_taken":0,"max_hp_gain":0,"max_hp_loss":0,"event_name":"Falling","floor":39,"gold_loss":0},{"damage_healed":0,"gold_gain":0,"player_choice":"Fight","damage_taken":0,"max_hp_gain":0,"max_hp_loss":0,"event_name":"MindBloom","floor":45,"gold_loss":0}],"is_beta":false,"boss_relics":[{"not_picked":["Pandora\u0027s Box","Tiny House"],"picked":"Astrolabe"},{"not_picked":["FrozenCore","Black Star"],"picked":"Nuclear Battery"}],"items_purged_floors":[38,47],"is_endless":false,"potions_floor_spawned":[5,7,8,10,12,16,25,27,31,33,41,42,44],"ascension_level":15}