{"gold_per_floor":[116,116,130,145,70,99,99,126,126,145,177,177,211,241,241,313,313,330,357,357,367,417,448,448,448,448,214,232,232,261,292,304,387,399,430,461,250,269,269,299,299,299,299,71,88,88,119,138,138,138],"floor_reached":51,"playtime":2454,"items_purged":["Pain","Strike_B","Strike_B","Strike_B"],"score":1413,"play_id":"248d96a2-9f70-4661-a849-bd7c706b7326","local_time":"20230625203049","is_ascension_mode":true,"campfire_choices":[{"floor":7.0,"key":"REST"},{"data":"Sweeping Beam","floor":12.0,"key":"SMITH"},{"data":"Barrage","floor":15.0,"key":"SMITH"},{"floor":25.0,"key":"REST"},{"data":"Loop","floor":32.0,"key":"SMITH"},{"floor":41,"key":"REST"},{"data":"Biased Cognition","floor":49,"key":"SMITH"}],"neow_cost":"NONE","seed_source_timestamp":644032229093200,"circlet_count":0,"master_deck":["AscendersBane","Strike_B","Defend_B","Defend_B","Defend_B","Defend_B","Zap","Dualcast","Cold Snap","Sweeping Beam+1","Leap","Echo Form","Undo","Glacier","Melter","Core Surge","Barrage+1","Fission","Ball Lightning","Loop+1","Defragment","Creative AI","Biased Cognition+1","Reinforced Body","Chill","PanicButton","Dark Shackles","Compile Driver","Force Field","Barrage+1","Rainbow","Stack"],"special_seed":0,"relics":["Cracked Core","WarpedTongs","WingedGreaves","Symbiotic Virus","Sundial","Juzu Bracelet","Blood Vial","Lizard Tail","Velvet Choker","Tiny Chest","Pantograph","Question Card","The Courier","OrangePellets","Unceasing Top","Red Mask","MawBank","Inserter","Regal Pillow","Girya","Cables","Bronze Scales"],"potions_floor_usage":[36,38,40,47,48],"damage_taken":[{"damage":7.0,"enemies":"Small Slimes","floor":1.0,"turns":3.0},{"damage":1.0,"enemies":"Cultist","floor":3.0,"turns":3.0},{"damage":0.0,"enemies":"2 Louse","floor":4.0,"turns":2.0},{"damage":19.0,"enemies":"Lagavulin","floor":6.0,"turns":8.0},{"damage":15.0,"enemies":"Gremlin Nob","floor":8.0,"turns":4.0},{"damage":4.0,"enemies":"Looter","floor":10.0,"turns":4.0},{"damage":0.0,"enemies":"Lagavulin","floor":11.0,"turns":5.0},{"damage":18.0,"enemies":"Gremlin Nob","floor":13.0,"turns":4.0},{"damage":3.0,"enemies":"3 Sentries","floor":14.0,"turns":6.0},{"damage":3.0,"enemies":"Slime Boss","floor":16.0,"turns":12.0},{"damage":7.0,"enemies":"3 Byrds","floor":18.0,"turns":4.0},{"damage":4.0,"enemies":"Shell Parasite","floor":21.0,"turns":4.0},{"damage":25.0,"enemies":"Book of Stabbing","floor":23.0,"turns":7.0},{"damage":2.0,"enemies":"Snecko","floor":28.0,"turns":4.0},{"damage":18.0,"enemies":"Masked Bandits","floor":30.0,"turns":6.0},{"damage":5.0,"enemies":"Gremlin Leader","floor":31.0,"turns":10.0},{"damage":35.0,"enemies":"Champ","floor":33.0,"turns":11.0},{"damage":31.0,"enemies":"Orb Walker","floor":35.0,"turns":4.0},{"damage":10,"enemies":"3 Darklings","floor":36,"turns":8},{"damage":10,"enemies":"Spire Growth","floor":38,"turns":7},{"damage":24,"enemies":"Nemesis","floor":40,"turns":9},{"damage":0,"enemies":"4 Shapes","floor":45,"turns":6},{"damage":15,"enemies":"Giant Head","floor":47,"turns":8},{"damage":0,"enemies":"Maw","floor":48,"turns":7},{"damage":41,"enemies":"Awakened One","floor":50,"turns":14}],"seed_played":"4569995489228781693","potions_obtained":[{"floor":3.0,"key":"DuplicationPotion"},{"floor":6.0,"key":"FearPotion"},{"floor":14.0,"key":"Ancient Potion"},{"floor":40,"key":"Ancient Potion"},{"floor":45,"key":"SkillPotion"},{"floor":47,"key":"Swift Potion"}],"is_trial":false,"path_per_floor":["M","?","M","M","$","E","R","E","T","M","E","R","E","E","R","B",null,"M","T","?","M","?","E","T","R","T","$","M","T","?","E","R","B",null,"M","M","$","M","?","E","R","?","T","$","M","T","E","M","R","B",null],"character_chosen":"DEFECT","basemod:card_modifiers":[null,null,null,null,null,null,null,null,null,null,null,null,null,null,null,null,null,null,null,null,null,null,null,null,null,null,null,null,null,null,null,null],"items_purchased":["OrangePellets","FocusPotion","DuplicationPotion","PanicButton","Compile Driver","Force Field","AttackPotion"],"campfire_rested":3,"item_purchase_floors":[27,27,37,37,44,44,44],"current_hp_per_floor":[64,64,63,63,63,44,67,52,52,48,48,48,30,29,29,28,66,61,61,61,59,59,36,36,59,59,59,59,59,43,40,40,32,67,38,30,30,22,22,39,77,74,74,74,74,74,59,61,61,33],"gold":138,"neow_bonus":"TEN_PERCENT_HP_BONUS","is_prod":false,"is_daily":false,"chose_seed":false,"campfire_upgraded":4,"win_rate":0,"timestamp":1687750249,"path_taken":["M","?","M","M","$","E","R","E","T","M","E","R","E","E","R","BOSS","M","?","?","M","?","E","?","R","T","$","M","?","?","E","R","BOSS","M","M","$","M","?","E","R","?","T","$","M","?","E","M","R","BOSS"],"build_version":"2022-12-18","purchased_purges":4,"victory":true,"max_hp_per_floor":[78,78,78,78,78,78,78,78,78,78,78,78,78,78,78,78,78,78,78,78,78,78,78,78,78,78,78,78,78,78,78,78,78,78,78,78,78,78,78,78,78,74,74,74,74,74,74,74,74,74],"relic_stats":{"Girya":0,"Regal Pillow":15,"Inserter":[30],"counters":[25,160],"The Courier":172,"Juzu Bracelet":1,"Question Card":12,"MawBank":72,"WarpedTongs":[157],"Cables":[27,3,9,15,0],"Blood Vial":28,"OrangePellets":[11],"Lizard Tail":39,"Sundial":[16],"Pantograph":38,"Bronze Scales":[93],"Tiny Chest":2,"WingedGreaves":3,"obtain_stats":[{"Girya":43,"Regal Pillow":40,"Inserter":34,"Velvet Choker":17,"The Courier":26,"Juzu Bracelet":11,"Question Card":24,"MawBank":31,"WarpedTongs":2,"Cables":46,"Blood Vial":13,"OrangePellets":27,"Lizard Tail":14,"Sundial":9,"Pantograph":23,"Bronze Scales":47,"Tiny Chest":19,"WingedGreaves":6,"Red Mask":30,"Cracked Core":0,"Symbiotic Virus":8,"Unceasing Top":29},{"Girya":21,"Regal Pillow":21,"Inserter":17,"Velvet Choker":10,"The Courier":13,"Juzu Bracelet":7,"Question Card":13,"MawBank":16,"WarpedTongs":1,"Cables":22,"Blood Vial":8,"OrangePellets":13,"Lizard Tail":9,"Sundial":5,"Pantograph":13,"Bronze Scales":23,"Tiny Chest":11,"WingedGreaves":4,"Red Mask":15,"Cracked Core":0,"Symbiotic Virus":5,"Unceasing Top":14},{"Girya":125,"Regal Pillow":125,"Inserter":97,"Velvet Choker":51,"The Courier":66,"Juzu Bracelet":29,"Question Card":66,"MawBank":86,"WarpedTongs":3,"Cables":131,"Blood Vial":33,"OrangePellets":66,"Lizard Tail":39,"Sundial":20,"Pantograph":66,"Bronze Scales":139,"Tiny Chest":55,"WingedGreaves":16,"Red Mask":76,"Cracked Core":0,"Symbiotic Virus":20,"Unceasing Top":70}],"Unceasing Top":[2]},"card_choices":[{"not_picked":["Hologram","Beam Cell"],"picked":"Cold Snap","floor":1.0},{"not_picked":["Turbo","Skim"],"picked":"Sweeping Beam","floor":3.0},{"not_picked":["Coolheaded","Beam Cell"],"picked":"Leap","floor":4.0},{"not_picked":["Aggregate","Cold Snap"],"picked":"Echo Form","floor":6.0},{"not_picked":["Lockon","Sweeping Beam"],"picked":"Undo","floor":8.0},{"not_picked":["Redo","Gash"],"picked":"Glacier","floor":10.0},{"not_picked":["Barrage","Redo"],"picked":"Melter","floor":11.0},{"not_picked":["Hello World","Reprogram"],"picked":"Core Surge","floor":13.0},{"not_picked":["Turbo","Streamline"],"picked":"Barrage","floor":14.0},{"not_picked":["Thunder Strike","Buffer"],"picked":"Fission","floor":16.0},{"not_picked":["Coolheaded","BootSequence"],"picked":"Ball Lightning","floor":18.0},{"not_picked":["Steam","Hologram","Sweeping Beam"],"picked":"SKIP","floor":21.0},{"not_picked":["Sweeping Beam","Lockon"],"picked":"Loop","floor":23.0},{"not_picked":["Leap","Go for the Eyes","Force Field","Reprogram"],"picked":"SKIP","floor":28.0},{"not_picked":["Creative AI","Rebound","Sweeping Beam"],"picked":"Defragment","floor":30.0},{"not_picked":["Streamline","Double Energy","Leap"],"picked":"Creative AI","floor":31.0},{"not_picked":["Amplify","Thunder Strike","Fission"],"picked":"Biased Cognition","floor":33.0},{"not_picked":["Hologram","BootSequence+1","Auto Shields"],"picked":"Reinforced Body","floor":35.0},{"not_picked":["Consume","Barrage","Redo+1"],"picked":"Chill","floor":36},{"not_picked":["Loop","Gash","FTL","Steam"],"picked":"SKIP","floor":38},{"not_picked":["Madness","Trip","Good Instincts"],"picked":"Dark Shackles","floor":39},{"not_picked":["Sweeping Beam","Turbo+1","Blizzard","Fission"],"picked":"SKIP","floor":40},{"not_picked":["Stack","Ball Lightning","Compile Driver+1"],"picked":"Barrage+1","floor":45},{"not_picked":["Storm","Streamline","Chill"],"picked":"Rainbow","floor":47},{"not_picked":["Blizzard","Barrage","Aggregate+1"],"picked":"Stack","floor":48}],"player_experience":5702001,"relics_obtained":[{"floor":6.0,"key":"WingedGreaves"},{"floor":8.0,"key":"Symbiotic Virus"},{"floor":9.0,"key":"Sundial"},{"floor":11.0,"key":"Juzu Bracelet"},{"floor":13.0,"key":"Blood Vial"},{"floor":14.0,"key":"Lizard Tail"},{"floor":19.0,"key":"Tiny Chest"},{"floor":23.0,"key":"Pantograph"},{"floor":24.0,"key":"Question Card"},{"floor":26.0,"key":"The Courier"},{"floor":29.0,"key":"Unceasing Top"},{"floor":30.0,"key":"Red Mask"},{"floor":31.0,"key":"MawBank"},{"floor":40,"key":"Regal Pillow"},{"floor":43,"key":"Girya"},{"floor":46,"key":"Cables"},{"floor":47,"key":"Bronze Scales"}],"event_choices":[{"damage_healed":0.0,"max_hp_gain":0.0,"max_hp_loss":0.0,"gold_gain":0.0,"event_name":"Accursed Blacksmith","player_choice":"Rummage","floor":2.0,"gold_loss":0.0,"damage_taken":0.0,"relics_obtained":["WarpedTongs"],"cards_obtained":["Pain"]},{"damage_healed":0.0,"max_hp_gain":0.0,"max_hp_loss":0.0,"gold_gain":0.0,"event_name":"Cursed Tome","player_choice":"Ignored","floor":20.0,"gold_loss":0.0,"damage_taken":0.0},{"damage_healed":0.0,"max_hp_gain":0.0,"max_hp_loss":0.0,"gold_gain":50.0,"event_name":"Nest","player_choice":"Stole From Cult","floor":22.0,"gold_loss":0.0,"damage_taken":0.0},{"damage_healed":0.0,"max_hp_gain":0.0,"max_hp_loss":0.0,"gold_gain":0.0,"event_name":"Masked Bandits","player_choice":"Fought Bandits","floor":30.0,"gold_loss":0.0,"damage_taken":0.0},{"damage_healed":0,"gold_gain":0,"player_choice":"Memory 1","damage_taken":0,"max_hp_gain":0,"max_hp_loss":0,"event_name":"SensoryStone","floor":39,"gold_loss":0},{"damage_healed":0,"gold_gain":0,"player_choice":"Max HP","damage_taken":0,"max_hp_gain":0,"max_hp_loss":4,"event_name":"Winding Halls","floor":42,"gold_loss":0}],"is_beta":false,"boss_relics":[{"not_picked":["FrozenCore","Pandora\u0027s Box"],"picked":"Velvet Choker"},{"not_picked":["Sozu","SlaversCollar"],"picked":"Inserter"}],"items_purged_floors":[5,27,37,44],"is_endless":false,"potions_floor_spawned":[3,6,14,18,28,31,35,40,45,47],"ascension_level":15}