{"gold_per_floor":[127,150,162,187,209,221,233,280,292,304,351,381,422,445,457,540,552,574,597,248,261,4,4,30,50,74,86,119,130,147,176,176,250,250,265,276,292,98,111,142,162,187,187,213,227,277,8,8,8,8],"floor_reached":51,"playtime":2800,"items_purged":["Strike_B","Strike_B","Strike_B"],"score":1428,"play_id":"4c8b92d8-b017-4656-a8cc-df135dc92de5","local_time":"20230617153634","is_ascension_mode":true,"campfire_choices":[{"data":"Sweeping Beam","floor":6.0,"key":"SMITH"},{"data":"Genetic Algorithm","floor":10.0,"key":"SMITH"},{"data":"Go for the Eyes","floor":15.0,"key":"SMITH"},{"data":"Electrodynamics","floor":23.0,"key":"SMITH"},{"data":"Capacitor","floor":32.0,"key":"SMITH"},{"floor":49,"key":"RECALL"}],"neow_cost":"NONE","seed_source_timestamp":0,"circlet_count":0,"master_deck":["AscendersBane","Strike_B+1","Defend_B+1","Defend_B+1","Defend_B+1","Defend_B+1","Zap+1","Dualcast+1","Undo+1","Cold Snap+1","Sweeping Beam+1","Self Repair+1","Genetic Algorithm+1","Capacitor+1","Coolheaded+1","Go for the Eyes+1","Seek+1","Sweeping Beam+1","Gash+1","Electrodynamics+1","Ball Lightning+1","Loop+1","Barrage+1","White Noise+1","Creative AI+1","CurseOfTheBell","Compile Driver+1","Capacitor+1","Chill+1","Static Discharge+1","Creative AI+1","Echo Form+1","Glacier+1"],"special_seed":0,"relics":["Cracked Core","MawBank","Sundial","Kunai","MealTicket","FossilizedHelix","Coffee Dripper","Bird Faced Urn","Membership Card","Bottled Flame","Blood Vial","Mercury Hourglass","Mummified Hand","Calling Bell","Oddly Smooth Stone","Meat on the Bone","Pocketwatch","Sling","Pear","DataDisk","Frozen Egg 2","Orichalcum","Torii","OrangePellets","Mark of the Bloom"],"potions_floor_usage":[42,46,50,50,50],"damage_taken":[{"damage":1.0,"enemies":"Small Slimes","floor":1.0,"turns":3.0},{"damage":1.0,"enemies":"Cultist","floor":2.0,"turns":3.0},{"damage":0.0,"enemies":"Jaw Worm","floor":4.0,"turns":3.0},{"damage":11.0,"enemies":"Large Slime","floor":5.0,"turns":7.0},{"damage":19.0,"enemies":"Lagavulin","floor":8.0,"turns":8.0},{"damage":19.0,"enemies":"3 Sentries","floor":11.0,"turns":7.0},{"damage":10.0,"enemies":"Lots of Slimes","floor":12.0,"turns":5.0},{"damage":1.0,"enemies":"Lagavulin","floor":13.0,"turns":11.0},{"damage":0.0,"enemies":"Exordium Wildlife","floor":14.0,"turns":5.0},{"damage":29.0,"enemies":"Hexaghost","floor":16.0,"turns":15.0},{"damage":0.0,"enemies":"3 Byrds","floor":18.0,"turns":6.0},{"damage":0.0,"enemies":"Shell Parasite","floor":19.0,"turns":9.0},{"damage":0.0,"enemies":"Centurion and Healer","floor":21.0,"turns":12.0},{"damage":7.0,"enemies":"Gremlin Leader","floor":24.0,"turns":5.0},{"damage":6.0,"enemies":"Snecko","floor":25.0,"turns":6.0},{"damage":9.0,"enemies":"Snake Plant","floor":27.0,"turns":5.0},{"damage":15.0,"enemies":"Book of Stabbing","floor":28.0,"turns":5.0},{"damage":0.0,"enemies":"Centurion and Healer","floor":29.0,"turns":6.0},{"damage":0.0,"enemies":"Cultist and Chosen","floor":30.0,"turns":4.0},{"damage":15.0,"enemies":"Slavers","floor":31.0,"turns":5.0},{"damage":8.0,"enemies":"Automaton","floor":33.0,"turns":8.0},{"damage":0.0,"enemies":"3 Shapes","floor":35.0,"turns":4.0},{"damage":0.0,"enemies":"Orb Walker","floor":36.0,"turns":4.0},{"damage":0.0,"enemies":"Transient","floor":37.0,"turns":5.0},{"damage":0.0,"enemies":"Maw","floor":39.0,"turns":7.0},{"damage":49.0,"enemies":"Reptomancer","floor":40.0,"turns":6.0},{"damage":12.0,"enemies":"4 Shapes","floor":41.0,"turns":4.0},{"damage":20,"enemies":"Giant Head","floor":42,"turns":9},{"damage":7,"enemies":"Reptomancer","floor":44,"turns":6},{"damage":0,"enemies":"Sphere and 2 Shapes","floor":45,"turns":3},{"damage":14,"enemies":"2 Orb Walkers","floor":46,"turns":3},{"damage":15,"enemies":"Donu and Deca","floor":50,"turns":6}],"seed_played":"-4788314622716754455","potions_obtained":[{"floor":2.0,"key":"Strength Potion"},{"floor":8.0,"key":"PotionOfCapacity"},{"floor":13.0,"key":"Fire Potion"},{"floor":16.0,"key":"LiquidBronze"},{"floor":27.0,"key":"AttackPotion"},{"floor":29.0,"key":"Swift Potion"},{"floor":30.0,"key":"EntropicBrew"},{"floor":31.0,"key":"GamblersBrew"},{"floor":37.0,"key":"BlessingOfTheForge"},{"floor":44,"key":"FearPotion"}],"is_trial":false,"path_per_floor":["M","M","?","M","M","R","$","E","T","R","E","M","E","M","R","B",null,"M","M","$","M","$","R","E","M","T","M","E","M","M","E","R","B",null,"M","M","M","$","M","E","M","E","T","E","M","?","$","?","R","B",null],"character_chosen":"DEFECT","basemod:card_modifiers":[null,null,null,null,null,null,null,null,null,null,null,null,null,null,null,null,null,null,null,null,null,null,null,null,null,null,null,null,null,null,null,null,null],"items_purchased":["Bird Faced Urn","Membership Card","Electrodynamics","Ball Lightning","Capacitor","Chill","Sling","Echo Form+1","OrangePellets","Glacier","Block Potion"],"campfire_rested":0,"item_purchase_floors":[20,22,22,22,38,38,38,47,47,47,47],"current_hp_per_floor":[63,62,62,62,51,51,51,39,39,39,27,24,30,37,37,15,57,64,71,71,71,71,71,71,65,65,71,67,71,71,67,67,71,71,71,71,71,71,71,59,68,70,70,81,81,71,81,81,81,66],"gold":8,"neow_bonus":"RANDOM_COMMON_RELIC","is_prod":false,"is_daily":false,"chose_seed":false,"campfire_upgraded":5,"win_rate":0,"timestamp":1687041394,"path_taken":["M","M","?","M","M","R","$","E","T","R","E","M","E","M","R","BOSS","M","?","$","M","$","R","E","M","T","M","E","M","M","E","R","BOSS","M","M","?","$","M","E","M","E","T","E","M","?","$","?","R","BOSS"],"build_version":"2022-12-18","purchased_purges":3,"victory":true,"max_hp_per_floor":[71,71,71,71,71,71,71,71,71,71,71,71,71,71,71,71,71,71,71,71,71,71,71,71,71,71,71,71,71,71,71,71,71,71,71,71,71,71,71,81,81,81,81,81,81,81,81,81,81,81],"relic_stats":{"Mark of the Bloom":38,"Torii":0,"counters":[32,192],"Orichalcum":[12],"MawBank":240,"Mercury Hourglass":[365],"Blood Vial":12,"OrangePellets":[1],"Bottled Flame":"Go for the Eyes","Sundial":[22],"Mummified Hand":[132],"Bird Faced Urn":[84],"MealTicket":10,"Kunai":[50],"Membership Card":560,"obtain_stats":[{"Mark of the Bloom":48,"Torii":46,"Sling":38,"Blood Vial":26,"Sundial":8,"Mummified Hand":31,"MealTicket":11,"Kunai":9,"Cracked Core":0,"Pear":40,"Oddly Smooth Stone":34,"Frozen Egg 2":43,"Orichalcum":44,"MawBank":0,"Mercury Hourglass":28,"Calling Bell":34,"OrangePellets":47,"Bottled Flame":24,"DataDisk":42,"Bird Faced Urn":20,"Coffee Dripper":17,"Membership Card":22,"FossilizedHelix":13,"Meat on the Bone":34,"Pocketwatch":34},{"Mark of the Bloom":31,"Torii":31,"Sling":24,"Blood Vial":15,"Sundial":5,"Mummified Hand":20,"MealTicket":6,"Kunai":5,"Cracked Core":0,"Pear":26,"Oddly Smooth Stone":21,"Frozen Egg 2":28,"Orichalcum":29,"MawBank":0,"Mercury Hourglass":17,"Calling Bell":21,"OrangePellets":31,"Bottled Flame":14,"DataDisk":28,"Bird Faced Urn":12,"Coffee Dripper":10,"Membership Card":13,"FossilizedHelix":8,"Meat on the Bone":21,"Pocketwatch":21},{"Mark of the Bloom":186,"Torii":186,"Sling":151,"Blood Vial":105,"Sundial":24,"Mummified Hand":130,"MealTicket":31,"Kunai":24,"Cracked Core":0,"Pear":164,"Oddly Smooth Stone":138,"Frozen Egg 2":175,"Orichalcum":180,"MawBank":0,"Mercury Hourglass":115,"Calling Bell":138,"OrangePellets":186,"Bottled Flame":99,"DataDisk":175,"Bird Faced Urn":82,"Coffee Dripper":67,"Membership Card":94,"FossilizedHelix":47,"Meat on the Bone":138,"Pocketwatch":138}],"FossilizedHelix":[179],"Meat on the Bone":0,"Pocketwatch":[26]},"card_choices":[{"not_picked":["Steam","Beam Cell"],"picked":"Undo","floor":1.0},{"not_picked":["Gash","Melter"],"picked":"Cold Snap","floor":2.0},{"not_picked":["Aggregate","Auto Shields"],"picked":"Sweeping Beam","floor":4.0},{"not_picked":["Chaos","Redo"],"picked":"Self Repair","floor":5.0},{"not_picked":["Leap","Multi-Cast"],"picked":"Genetic Algorithm","floor":8.0},{"not_picked":["Self Repair","Darkness"],"picked":"Capacitor","floor":11.0},{"not_picked":["Stack","Redo"],"picked":"Coolheaded","floor":12.0},{"not_picked":["Turbo","Steam","Hologram"],"picked":"SKIP","floor":13.0},{"not_picked":["BootSequence","Conserve Battery"],"picked":"Go for the Eyes","floor":14.0},{"not_picked":["Creative AI","Multi-Cast"],"picked":"Seek","floor":16.0},{"not_picked":["Beam Cell","BootSequence","Aggregate"],"picked":"SKIP","floor":18.0},{"not_picked":["Rebound","Seek"],"picked":"Sweeping Beam","floor":19.0},{"not_picked":["Scrape","Stack"],"picked":"Gash+1","floor":21.0},{"not_picked":["Ball Lightning","Coolheaded","Darkness"],"picked":"SKIP","floor":24.0},{"not_picked":["Auto Shields","Rip and Tear","Double Energy"],"picked":"SKIP","floor":25.0},{"not_picked":["Turbo","Cold Snap"],"picked":"Loop+1","floor":27.0},{"not_picked":["Doom and Gloom","Multi-Cast","Ball Lightning"],"picked":"SKIP","floor":28.0},{"not_picked":["Hologram","Blizzard"],"picked":"Barrage","floor":29.0},{"not_picked":["Conserve Battery","Leap"],"picked":"White Noise","floor":30.0},{"not_picked":["Aggregate","Barrage","Sweeping Beam"],"picked":"SKIP","floor":31.0},{"not_picked":["Echo Form","Meteor Strike"],"picked":"Creative AI","floor":33.0},{"not_picked":["Turbo+1","Steam+1","Hello World"],"picked":"SKIP","floor":35.0},{"not_picked":["Conserve Battery","Redo+1","Leap"],"picked":"SKIP","floor":36.0},{"not_picked":["Gash","Beam Cell"],"picked":"Compile Driver","floor":37.0},{"not_picked":["Aggregate","Self Repair+1","Amplify"],"picked":"SKIP","floor":39.0},{"not_picked":["Self Repair","Redo","Streamline"],"picked":"SKIP","floor":40.0},{"not_picked":["Compile Driver","Ball Lightning+1","Cold Snap+1"],"picked":"SKIP","floor":41.0},{"not_picked":["Aggregate","Sweeping Beam+1","Redo"],"picked":"SKIP","floor":42},{"not_picked":["Cold Snap","Hologram"],"picked":"Static Discharge+1","floor":44},{"not_picked":["Darkness","Undo","Steam"],"picked":"SKIP","floor":45},{"not_picked":["Chill","Coolheaded"],"picked":"Creative AI+1","floor":46}],"player_experience":5656232,"relics_obtained":[{"floor":8.0,"key":"Sundial"},{"floor":9.0,"key":"Kunai"},{"floor":11.0,"key":"MealTicket"},{"floor":13.0,"key":"FossilizedHelix"},{"floor":24.0,"key":"Bottled Flame"},{"floor":26.0,"key":"Blood Vial"},{"floor":28.0,"key":"Mercury Hourglass"},{"floor":31.0,"key":"Mummified Hand"},{"floor":34.0,"key":"Oddly Smooth Stone"},{"floor":34.0,"key":"Meat on the Bone"},{"floor":34.0,"key":"Pocketwatch"},{"floor":40.0,"key":"Pear"},{"floor":42,"key":"DataDisk"},{"floor":43,"key":"Frozen Egg 2"},{"floor":44,"key":"Orichalcum"},{"floor":46,"key":"Torii"}],"event_choices":[{"damage_healed":0.0,"max_hp_gain":0.0,"max_hp_loss":0.0,"gold_gain":0.0,"event_name":"Transmorgrifier","player_choice":"Ignored","floor":3.0,"gold_loss":0.0,"damage_taken":0.0},{"damage_healed":0,"gold_gain":0,"player_choice":"Fight","damage_taken":0,"max_hp_gain":0,"max_hp_loss":0,"event_name":"Mysterious Sphere","floor":46,"gold_loss":0},{"damage_healed":0,"gold_gain":0,"player_choice":"Upgrade","damage_taken":0,"relics_obtained":["Mark of the Bloom"],"max_hp_gain":0,"max_hp_loss":0,"event_name":"MindBloom","floor":48,"gold_loss":0,"cards_upgraded":["Strike_B","Defend_B","Defend_B","Defend_B","Defend_B","Zap","Dualcast","Undo","Cold Snap","Self Repair","Coolheaded","Seek","Sweeping Beam","Ball Lightning","Barrage","White Noise","Creative AI","Compile Driver","Capacitor","Chill","Glacier"]}],"is_beta":false,"boss_relics":[{"not_picked":["Black Star","FrozenCore"],"picked":"Coffee Dripper"},{"not_picked":["Philosopher\u0027s Stone","Velvet Choker"],"picked":"Calling Bell"}],"items_purged_floors":[20,38,47],"is_endless":false,"potions_floor_spawned":[2,8,13,16,18,27,29,30,31,33,36,37,40,41,44],"ascension_level":15}