{"gold_per_floor":[214,289,289,305,318,318,16,44,68,68,17,33,33,59,59,136,136,156,175,175,175,189,189,204,229,229,272,302,349,361,389,401,492,504,527,761,786,813,690,727,38,68,68,68,85,85,103,3,3,3],"floor_reached":51,"playtime":1842,"items_purged":["Strike_B","Zap"],"score":1528,"play_id":"bd52e760-3b2a-4837-872d-d73dd68e1709","local_time":"20230620090843","is_ascension_mode":true,"campfire_choices":[{"floor":6.0,"key":"REST"},{"data":"Apotheosis","floor":10.0,"key":"SMITH"},{"data":"Genetic Algorithm","floor":13.0,"key":"SMITH"},{"data":"Doom and Gloom","floor":15.0,"key":"SMITH"},{"floor":23.0,"key":"REST"},{"floor":30.0,"key":"REST"},{"data":"Electrodynamics","floor":32.0,"key":"SMITH"},{"floor":44,"key":"REST"},{"data":"Defragment","floor":49,"key":"SMITH"}],"neow_cost":"NONE","seed_source_timestamp":171647023120700,"circlet_count":0,"master_deck":["AscendersBane","Strike_B+1","Strike_B+1","Defend_B+1","Defend_B+1","Defend_B+1","Defend_B+1","Dualcast","Genetic Algorithm+1","Doom and Gloom+1","Compile Driver","Cold Snap","Apotheosis+1","Compile Driver","Barrage","Ball Lightning","Electrodynamics+1","Conserve Battery","Core Surge","Coolheaded","Force Field+1","Rainbow","Defragment","Loop","Defragment+1","Skim","Echo Form"],"special_seed":0,"relics":["Cracked Core","Happy Flower","Centennial Puzzle","Kunai","Snecko Eye","Enchiridion","Mummified Hand","MawBank","Red Mask","PreservedInsect","Philosopher\u0027s Stone","Oddly Smooth Stone","Dream Catcher","Lantern","Orrery","Bottled Tornado","Prayer Wheel","Juzu Bracelet"],"potions_floor_usage":[40],"damage_taken":[{"damage":5.0,"enemies":"2 Louse","floor":1.0,"turns":4.0},{"damage":8.0,"enemies":"Jaw Worm","floor":4.0,"turns":4.0},{"damage":0.0,"enemies":"Small Slimes","floor":5.0,"turns":3.0},{"damage":8.0,"enemies":"3 Sentries","floor":8.0,"turns":8.0},{"damage":8.0,"enemies":"Exordium Wildlife","floor":12.0,"turns":3.0},{"damage":16.0,"enemies":"Gremlin Nob","floor":14.0,"turns":3.0},{"damage":0.0,"enemies":"Slime Boss","floor":16.0,"turns":5.0},{"damage":10.0,"enemies":"Chosen","floor":18.0,"turns":5.0},{"damage":4.0,"enemies":"Spheric Guardian","floor":19.0,"turns":4.0},{"damage":0.0,"enemies":"Shelled Parasite and Fungi","floor":22.0,"turns":4.0},{"damage":0.0,"enemies":"3 Cultists","floor":24.0,"turns":3.0},{"damage":13.0,"enemies":"Slavers","floor":25.0,"turns":3.0},{"damage":0.0,"enemies":"Masked Bandits","floor":27.0,"turns":1.0},{"damage":0.0,"enemies":"Centurion and Healer","floor":28.0,"turns":4.0},{"damage":0.0,"enemies":"Gremlin Leader","floor":29.0,"turns":4.0},{"damage":0.0,"enemies":"Cultist and Chosen","floor":31.0,"turns":4.0},{"damage":42.0,"enemies":"Automaton","floor":33.0,"turns":10.0},{"damage":0.0,"enemies":"3 Shapes","floor":35.0,"turns":3.0},{"damage":0.0,"enemies":"3 Darklings","floor":37.0,"turns":2.0},{"damage":0.0,"enemies":"Spire Growth","floor":38.0,"turns":5.0},{"damage":23,"enemies":"Reptomancer","floor":40,"turns":4},{"damage":0,"enemies":"Nemesis","floor":42,"turns":5},{"damage":1,"enemies":"4 Shapes","floor":45,"turns":2},{"damage":0,"enemies":"Jaw Worm Horde","floor":47,"turns":1},{"damage":22,"enemies":"Awakened One","floor":50,"turns":11}],"seed_played":"2864368667092360898","potions_obtained":[{"floor":1.0,"key":"DistilledChaos"},{"floor":5.0,"key":"SpeedPotion"},{"floor":12.0,"key":"DuplicationPotion"},{"floor":19.0,"key":"Fire Potion"},{"floor":29.0,"key":"Swift Potion"},{"floor":38.0,"key":"PotionOfCapacity"},{"floor":40,"key":"Fire Potion"},{"floor":47,"key":"GamblersBrew"}],"is_trial":false,"path_per_floor":["M","?","?","M","M","R","$","E","T","R","$","M","R","E","R","B",null,"M","M","?","?","M","R","M","E","T","?","M","E","R","M","R","B",null,"M","?","M","M","?","E","$","E","T","R","M","?","M","$","R","B",null],"character_chosen":"DEFECT","basemod:card_modifiers":[null,null,null,null,null,null,null,null,null,null,null,null,null,null,null,null,null,null,null,null,null,null,null,null,null,null,null],"items_purchased":["Apotheosis","Compile Driver","Ball Lightning","Lantern","Orrery","Bottled Tornado","Defragment","Skim"],"campfire_rested":4,"item_purchase_floors":[7,7,11,41,41,41,41,41],"current_hp_per_floor":[59,48,48,40,40,61,61,53,53,53,53,45,45,29,29,29,61,51,47,47,26,26,47,47,34,34,34,34,34,55,55,55,13,57,57,57,57,57,57,34,34,34,34,55,54,54,54,54,54,32],"gold":3,"neow_bonus":"HUNDRED_GOLD","is_prod":false,"is_daily":false,"chose_seed":false,"campfire_upgraded":5,"win_rate":0,"timestamp":1687277323,"path_taken":["M","?","?","M","M","R","?","E","T","R","$","M","R","E","R","BOSS","M","M","?","?","M","R","M","E","T","?","M","E","R","M","R","BOSS","M","?","M","M","?","E","$","E","T","R","M","?","M","$","R","BOSS"],"build_version":"2022-12-18","purchased_purges":2,"victory":true,"max_hp_per_floor":[71,71,71,71,71,71,71,71,71,71,71,71,71,71,71,71,71,71,71,71,71,71,71,71,71,71,71,71,71,71,71,71,71,71,71,71,71,71,71,71,71,71,71,71,71,67,67,67,67,67],"relic_stats":{"Happy Flower":[28],"counters":[25,105],"PreservedInsect":111,"Juzu Bracelet":1,"Bottled Tornado":"Electrodynamics","MawBank":180,"Centennial Puzzle":[27],"Dream Catcher":1,"Mummified Hand":[57],"Snecko Eye":[143,162,159,164,-257],"Prayer Wheel":2,"Kunai":[23],"obtain_stats":[{"Lantern":41,"Happy Flower":8,"Enchiridion":21,"Oddly Smooth Stone":39,"PreservedInsect":29,"Juzu Bracelet":43,"Bottled Tornado":41,"MawBank":26,"Centennial Puzzle":9,"Dream Catcher":40,"Mummified Hand":25,"Snecko Eye":17,"Orrery":41,"Philosopher\u0027s Stone":34,"Prayer Wheel":42,"Red Mask":27,"Kunai":14,"Cracked Core":0},{"Lantern":21,"Happy Flower":4,"Enchiridion":9,"Oddly Smooth Stone":20,"PreservedInsect":15,"Juzu Bracelet":22,"Bottled Tornado":21,"MawBank":12,"Centennial Puzzle":4,"Dream Catcher":21,"Mummified Hand":12,"Snecko Eye":7,"Orrery":21,"Philosopher\u0027s Stone":17,"Prayer Wheel":22,"Red Mask":13,"Kunai":6,"Cracked Core":0},{"Lantern":86,"Happy Flower":19,"Enchiridion":39,"Oddly Smooth Stone":82,"PreservedInsect":58,"Juzu Bracelet":91,"Bottled Tornado":86,"MawBank":49,"Centennial Puzzle":19,"Dream Catcher":86,"Mummified Hand":49,"Snecko Eye":30,"Orrery":86,"Philosopher\u0027s Stone":72,"Prayer Wheel":91,"Red Mask":50,"Kunai":25,"Cracked Core":0}]},"card_choices":[{"not_picked":["Heatsinks","Reinforced Body"],"picked":"Genetic Algorithm","floor":1.0},{"not_picked":["Consume","Chaos"],"picked":"Compile Driver","floor":4.0},{"not_picked":["Steam","Compile Driver"],"picked":"Cold Snap","floor":5.0},{"not_picked":["Auto Shields","Coolheaded"],"picked":"Barrage","floor":8.0},{"not_picked":["Turbo","Compile Driver","Ball Lightning"],"picked":"SKIP","floor":12.0},{"not_picked":["Turbo","Hologram","Sunder"],"picked":"SKIP","floor":14.0},{"not_picked":["Amplify","All For One"],"picked":"Electrodynamics","floor":16.0},{"not_picked":["Darkness","Beam Cell","Heatsinks"],"picked":"SKIP","floor":18.0},{"not_picked":["Go for the Eyes","Leap"],"picked":"Conserve Battery","floor":19.0},{"not_picked":["Leap","Hello World","Multi-Cast"],"picked":"SKIP","floor":22.0},{"not_picked":["Cold Snap","Redo","Sweeping Beam"],"picked":"SKIP","floor":24.0},{"not_picked":["Redo","Streamline"],"picked":"Core Surge","floor":25.0},{"not_picked":["Leap","Lockon"],"picked":"Coolheaded","floor":27.0},{"not_picked":["Leap","Barrage"],"picked":"Force Field+1","floor":28.0},{"not_picked":["Cold Snap","Sweeping Beam","Redo"],"picked":"SKIP","floor":29.0},{"not_picked":["Stack","FTL","Blizzard+1"],"picked":"SKIP","floor":31.0},{"not_picked":["Core Surge","Seek"],"picked":"Rainbow","floor":33.0},{"not_picked":["Leap+1","Sweeping Beam","Melter"],"picked":"SKIP","floor":35.0},{"not_picked":["Scrape","BootSequence","Hello World"],"picked":"SKIP","floor":37.0},{"not_picked":["Leap","Chaos+1","Beam Cell"],"picked":"SKIP","floor":38.0},{"not_picked":["Sunder","Chaos","BootSequence"],"picked":"SKIP","floor":40},{"not_picked":["Self Repair","Static Discharge"],"picked":"Defragment","floor":41},{"not_picked":["Double Energy","Streamline"],"picked":"Loop","floor":41},{"not_picked":["Cold Snap","Leap","Go for the Eyes"],"picked":"SKIP","floor":42},{"not_picked":["Cold Snap","Leap","Go for the Eyes"],"picked":"SKIP","floor":42},{"not_picked":["Gash","Compile Driver"],"picked":"Echo Form","floor":44},{"not_picked":["Lockon","Rebound","Stack"],"picked":"SKIP","floor":45},{"not_picked":["Stack","Compile Driver","Turbo+1"],"picked":"SKIP","floor":45},{"not_picked":["Conserve Battery","Heatsinks","Streamline"],"picked":"SKIP","floor":47},{"not_picked":["Gash","Tempest+1","Streamline"],"picked":"SKIP","floor":47}],"player_experience":5681293,"relics_obtained":[{"floor":8.0,"key":"Happy Flower"},{"floor":9.0,"key":"Centennial Puzzle"},{"floor":14.0,"key":"Kunai"},{"floor":21.0,"key":"Enchiridion"},{"floor":25.0,"key":"Mummified Hand"},{"floor":26.0,"key":"MawBank"},{"floor":27.0,"key":"Red Mask"},{"floor":29.0,"key":"PreservedInsect"},{"floor":40,"key":"Dream Catcher"},{"floor":42,"key":"Prayer Wheel"},{"floor":43,"key":"Juzu Bracelet"}],"event_choices":[{"damage_healed":0.0,"max_hp_gain":0.0,"max_hp_loss":0.0,"gold_gain":75.0,"event_name":"World of Goop","player_choice":"Gather Gold","floor":2.0,"gold_loss":0.0,"damage_taken":11.0},{"damage_healed":0.0,"max_hp_gain":0.0,"max_hp_loss":0.0,"gold_gain":0.0,"cards_transformed":["Strike_B"],"event_name":"Living Wall","player_choice":"Change","floor":3.0,"gold_loss":0.0,"damage_taken":0.0,"cards_obtained":["Doom and Gloom"]},{"damage_healed":0.0,"max_hp_gain":0.0,"max_hp_loss":0.0,"gold_gain":0.0,"event_name":"Back to Basics","player_choice":"Simplicity","floor":20.0,"gold_loss":0.0,"damage_taken":0.0,"cards_upgraded":["Strike_B","Strike_B","Defend_B","Defend_B","Defend_B","Defend_B"]},{"damage_healed":0.0,"max_hp_gain":0.0,"max_hp_loss":0.0,"gold_gain":0.0,"event_name":"Cursed Tome","player_choice":"Obtained Book","floor":21.0,"gold_loss":0.0,"damage_taken":21.0},{"damage_healed":0.0,"max_hp_gain":0.0,"max_hp_loss":0.0,"gold_gain":0.0,"event_name":"Masked Bandits","player_choice":"Fought Bandits","floor":27.0,"gold_loss":0.0,"damage_taken":0.0},{"damage_healed":0.0,"max_hp_gain":0.0,"max_hp_loss":0.0,"gold_gain":222.0,"event_name":"Tomb of Lord Red Mask","player_choice":"Wore Mask","floor":36.0,"gold_loss":0.0,"damage_taken":0.0},{"damage_healed":0.0,"max_hp_gain":0.0,"max_hp_loss":0.0,"gold_gain":0.0,"event_name":"WeMeetAgain","player_choice":"Paid Gold","floor":39.0,"gold_loss":135.0,"damage_taken":0.0,"relics_obtained":["Oddly Smooth Stone"]},{"damage_healed":0,"gold_gain":0,"player_choice":"Max HP","damage_taken":0,"max_hp_gain":0,"max_hp_loss":4,"event_name":"Winding Halls","floor":46,"gold_loss":0}],"is_beta":false,"boss_relics":[{"not_picked":["Runic Dome","Busted Crown"],"picked":"Snecko Eye"},{"not_picked":["Astrolabe","Pandora\u0027s Box"],"picked":"Philosopher\u0027s Stone"}],"items_purged_floors":[7,48],"is_endless":false,"potions_floor_spawned":[1,5,12,16,19,24,29,38,40,47],"ascension_level":15}