{"gold_per_floor":[116,116,116,127,137,137,167,167,244,260,280,293,293,328,328,421,421,404,319,350,364,382,382,413,433,486,486,514,214,229,1,1,104,104,128,152,183,249,286,326,357,357,407,407,435,471,146,368,368,368],"floor_reached":51,"playtime":2254,"items_purged":["Strike_B","Strike_B"],"score":1363,"play_id":"942675b7-c261-4c76-8b24-ec126b797dd3","local_time":"20230618234910","is_ascension_mode":true,"campfire_choices":[{"data":"Sweeping Beam","floor":6.0,"key":"SMITH"},{"floor":8.0,"key":"REST"},{"data":"Defragment","floor":15.0,"key":"SMITH"},{"data":"Barrage","floor":23.0,"key":"SMITH"},{"floor":32.0,"key":"REST"},{"data":"Apotheosis","floor":42.0,"key":"SMITH"},{"data":"Buffer","floor":49,"key":"SMITH"}],"neow_cost":"NONE","seed_source_timestamp":51313279592800,"circlet_count":0,"master_deck":["AscendersBane","Strike_B","Strike_B","Defend_B","Defend_B","Defend_B","Defend_B","Zap","Dualcast+1","Conserve Battery+1","Cold Snap+1","Cold Snap","Conserve Battery","Skim","Defragment+1","Barrage+1","Self Repair","Buffer+1","Skim+1","Ball Lightning","Steam+1","Hologram+1","Apotheosis+1","Electrodynamics+1","Reinforced Body+1","Heatsinks+1","Leap+1","Capacitor+1","Coolheaded","Coolheaded","Biased Cognition+1","Capacitor+1","Conserve Battery","Go for the Eyes"],"special_seed":0,"relics":["Cracked Core","Happy Flower","Matryoshka","Golden Idol","Potion Belt","Nuclear Battery","Frozen Egg 2","Red Mask","StoneCalendar","Bag of Preparation","CeramicFish","Anchor","Sozu","Prayer Wheel","Ice Cream","Letter Opener","Lantern","Pen Nib","Omamori"],"potions_floor_usage":[50,50],"damage_taken":[{"damage":0.0,"enemies":"Small Slimes","floor":1.0,"turns":3.0},{"damage":0.0,"enemies":"Cultist","floor":4.0,"turns":3.0},{"damage":3.0,"enemies":"2 Louse","floor":5.0,"turns":3.0},{"damage":12.0,"enemies":"Lagavulin","floor":7.0,"turns":6.0},{"damage":1.0,"enemies":"Blue Slaver","floor":10.0,"turns":4.0},{"damage":2.0,"enemies":"Looter","floor":11.0,"turns":2.0},{"damage":16.0,"enemies":"Large Slime","floor":12.0,"turns":5.0},{"damage":0.0,"enemies":"3 Sentries","floor":14.0,"turns":6.0},{"damage":19.0,"enemies":"Slime Boss","floor":16.0,"turns":10.0},{"damage":18.0,"enemies":"2 Thieves","floor":18.0,"turns":4.0},{"damage":22.0,"enemies":"Masked Bandits","floor":20.0,"turns":4.0},{"damage":0.0,"enemies":"Shell Parasite","floor":21.0,"turns":7.0},{"damage":0.0,"enemies":"Sentry and Sphere","floor":22.0,"turns":6.0},{"damage":23.0,"enemies":"Slavers","floor":24.0,"turns":5.0},{"damage":9.0,"enemies":"Snecko","floor":25.0,"turns":7.0},{"damage":5.0,"enemies":"Snake Plant","floor":28.0,"turns":5.0},{"damage":9.0,"enemies":"Sentry and Sphere","floor":30.0,"turns":4.0},{"damage":27.0,"enemies":"Champ","floor":33.0,"turns":11.0},{"damage":0.0,"enemies":"Orb Walker","floor":35.0,"turns":3.0},{"damage":0.0,"enemies":"3 Darklings","floor":36.0,"turns":2.0},{"damage":0.0,"enemies":"Mind Bloom Boss Battle","floor":37.0,"turns":7.0},{"damage":7.0,"enemies":"2 Orb Walkers","floor":38.0,"turns":4.0},{"damage":0.0,"enemies":"4 Shapes","floor":39.0,"turns":3.0},{"damage":17.0,"enemies":"Nemesis","floor":40.0,"turns":7.0},{"damage":0.0,"enemies":"Jaw Worm Horde","floor":41.0,"turns":4.0},{"damage":0.0,"enemies":"3 Darklings","floor":45.0,"turns":3.0},{"damage":0.0,"enemies":"Sphere and 2 Shapes","floor":46.0,"turns":3.0},{"damage":0,"enemies":"Time Eater","floor":50,"turns":9}],"seed_played":"-4937189684180495373","potions_obtained":[{"floor":5.0,"key":"DuplicationPotion"},{"floor":7.0,"key":"DistilledChaos"},{"floor":12.0,"key":"GamblersBrew"},{"floor":18.0,"key":"EssenceOfDarkness"},{"floor":20.0,"key":"EssenceOfSteel"},{"floor":33.0,"key":"Explosive Potion"}],"is_trial":false,"path_per_floor":["M","?","?","M","M","R","E","R","T","M","M","M","?","E","R","B",null,"M","?","?","M","M","R","E","M","T","?","M","$","M","$","R","B",null,"M","M","?","?","M","E","M","R","T","?","M","M","$","?","R","B",null],"character_chosen":"DEFECT","basemod:card_modifiers":[null,null,null,null,null,null,null,null,null,null,null,null,null,null,null,null,null,null,null,null,null,null,null,null,null,null,null,null,null,null,null,null,null,null],"items_purchased":["Apotheosis","Block Potion","Anchor","PotionOfCapacity","Conserve Battery","Omamori","Go for the Eyes"],"campfire_rested":2,"item_purchase_floors":[29,29,31,31,47,47,47],"current_hp_per_floor":[64,43,43,43,40,40,28,49,49,48,46,30,30,30,30,18,53,42,42,27,34,41,41,25,23,23,23,25,25,23,23,42,25,54,61,64,64,57,64,57,64,64,64,64,64,64,64,64,64,64],"gold":368,"neow_bonus":"THREE_CARDS","is_prod":false,"is_daily":false,"chose_seed":false,"campfire_upgraded":5,"win_rate":0,"timestamp":1687157350,"path_taken":["M","?","?","M","M","R","E","R","T","M","M","?","?","E","R","BOSS","M","?","?","M","M","R","E","M","T","?","M","$","M","$","R","BOSS","M","M","?","?","?","E","M","R","T","?","M","M","$","?","R","BOSS"],"build_version":"2022-12-18","purchased_purges":2,"victory":true,"max_hp_per_floor":[71,71,71,71,71,71,71,71,71,71,71,71,64,64,64,64,64,64,64,64,64,64,64,64,64,64,64,64,64,64,64,64,64,64,64,64,64,64,64,64,64,64,64,64,64,64,64,64,64,64],"relic_stats":{"Ice Cream":[36],"Happy Flower":[41],"counters":[28,140],"Golden Idol":147,"CeramicFish":117,"StoneCalendar":[229],"Pen Nib":[3],"Bag of Preparation":[26],"Omamori":0,"Letter Opener":[69],"Sozu":5,"Matryoshka":2,"Prayer Wheel":4,"obtain_stats":[{"Potion Belt":14,"Ice Cream":38,"Lantern":43,"Happy Flower":7,"Golden Idol":13,"CeramicFish":26,"StoneCalendar":24,"Pen Nib":43,"Bag of Preparation":26,"Omamori":47,"Letter Opener":40,"Frozen Egg 2":19,"Nuclear Battery":17,"Sozu":34,"Anchor":31,"Matryoshka":9,"Prayer Wheel":37,"Red Mask":20,"Cracked Core":0},{"Potion Belt":8,"Ice Cream":22,"Lantern":25,"Happy Flower":4,"Golden Idol":7,"CeramicFish":15,"StoneCalendar":14,"Pen Nib":25,"Bag of Preparation":15,"Omamori":27,"Letter Opener":24,"Frozen Egg 2":10,"Nuclear Battery":9,"Sozu":18,"Anchor":17,"Matryoshka":4,"Prayer Wheel":21,"Red Mask":11,"Cracked Core":0},{"Potion Belt":32,"Ice Cream":111,"Lantern":125,"Happy Flower":15,"Golden Idol":26,"CeramicFish":75,"StoneCalendar":68,"Pen Nib":125,"Bag of Preparation":75,"Omamori":131,"Letter Opener":121,"Frozen Egg 2":46,"Nuclear Battery":42,"Sozu":95,"Anchor":84,"Matryoshka":15,"Prayer Wheel":107,"Red Mask":50,"Cracked Core":0}]},"card_choices":[{"not_picked":["Barrage","Aggregate"],"picked":"Conserve Battery","floor":0.0},{"not_picked":["Go for the Eyes","Leap"],"picked":"Cold Snap","floor":1.0},{"not_picked":["Aggregate","Hologram"],"picked":"Cold Snap","floor":4.0},{"not_picked":["Go for the Eyes","Beam Cell"],"picked":"Sweeping Beam","floor":5.0},{"not_picked":["Reboot","Stack"],"picked":"Conserve Battery","floor":7.0},{"not_picked":["Static Discharge","Consume"],"picked":"Skim","floor":10.0},{"not_picked":["Stack","Streamline"],"picked":"Defragment","floor":11.0},{"not_picked":["Machine Learning","Scrape"],"picked":"Barrage","floor":12.0},{"not_picked":["White Noise","Gash"],"picked":"Self Repair","floor":14.0},{"not_picked":["Thunder Strike","Amplify"],"picked":"Buffer","floor":16.0},{"not_picked":["Streamline","Skim","Hello World+1"],"picked":"SKIP","floor":18.0},{"not_picked":["Lockon","Cold Snap"],"picked":"Skim+1","floor":20.0},{"not_picked":["Barrage","Conserve Battery","Cold Snap"],"picked":"SKIP","floor":21.0},{"not_picked":["Leap+1","Machine Learning+1"],"picked":"Ball Lightning","floor":22.0},{"not_picked":["Go for the Eyes","Beam Cell"],"picked":"Steam+1","floor":24.0},{"not_picked":["Rebound","Cold Snap","Consume"],"picked":"SKIP","floor":25.0},{"not_picked":["Stack+1","Rebound"],"picked":"Hologram+1","floor":28.0},{"not_picked":["Conserve Battery","Fission","Beam Cell"],"picked":"SKIP","floor":30.0},{"not_picked":["Core Surge","Seek"],"picked":"Electrodynamics+1","floor":33.0},{"not_picked":["Genetic Algorithm","Hello World+1"],"picked":"Reinforced Body+1","floor":35.0},{"not_picked":["Conserve Battery+1","Turbo","Leap"],"picked":"SKIP","floor":36.0},{"not_picked":["Undo","BootSequence"],"picked":"Heatsinks+1","floor":39.0},{"not_picked":["Coolheaded","Cold Snap+1"],"picked":"Leap+1","floor":39.0},{"not_picked":["Turbo","Gash+1","Reinforced Body"],"picked":"SKIP","floor":40.0},{"not_picked":["Streamline+1","Fusion"],"picked":"Capacitor+1","floor":41.0},{"not_picked":["Conserve Battery","Hello World+1"],"picked":"Coolheaded","floor":41.0},{"not_picked":["Beam Cell","Sweeping Beam"],"picked":"Coolheaded","floor":45.0},{"not_picked":["Sunder+1","Sweeping Beam+1","Doom and Gloom"],"picked":"SKIP","floor":45.0},{"not_picked":["Scrape+1","Leap"],"picked":"Biased Cognition+1","floor":46.0},{"not_picked":["Stack","Blizzard"],"picked":"Capacitor+1","floor":46.0}],"player_experience":5669864,"relics_obtained":[{"floor":7.0,"key":"Happy Flower"},{"floor":9.0,"key":"Matryoshka"},{"floor":14.0,"key":"Potion Belt"},{"floor":20.0,"key":"Red Mask"},{"floor":24.0,"key":"StoneCalendar"},{"floor":26.0,"key":"Bag of Preparation"},{"floor":26.0,"key":"CeramicFish"},{"floor":37.0,"key":"Prayer Wheel"},{"floor":38.0,"key":"Ice Cream"},{"floor":40.0,"key":"Letter Opener"},{"floor":43.0,"key":"Lantern"},{"floor":43.0,"key":"Pen Nib"}],"event_choices":[{"damage_healed":0.0,"max_hp_gain":0.0,"max_hp_loss":0.0,"gold_gain":0.0,"event_name":"Shining Light","player_choice":"Entered Light","floor":2.0,"gold_loss":0.0,"damage_taken":21.0,"cards_upgraded":["Dualcast","Conserve Battery"]},{"damage_healed":0.0,"max_hp_gain":0.0,"max_hp_loss":0.0,"gold_gain":0.0,"event_name":"Upgrade Shrine","player_choice":"Upgraded","floor":3.0,"gold_loss":0.0,"damage_taken":0.0,"cards_upgraded":["Cold Snap"]},{"damage_healed":0.0,"max_hp_gain":0.0,"max_hp_loss":7.0,"gold_gain":0.0,"event_name":"Golden Idol","player_choice":"Lose Max HP","floor":13.0,"gold_loss":0.0,"damage_taken":0.0,"relics_obtained":["Golden Idol"]},{"damage_healed":0.0,"max_hp_gain":0.0,"max_hp_loss":0.0,"gold_gain":0.0,"event_name":"Addict","player_choice":"Obtained Relic","floor":19.0,"gold_loss":85.0,"damage_taken":0.0,"relics_obtained":["Frozen Egg 2"]},{"damage_healed":0.0,"max_hp_gain":0.0,"max_hp_loss":0.0,"gold_gain":0.0,"event_name":"Masked Bandits","player_choice":"Fought Bandits","floor":20.0,"gold_loss":0.0,"damage_taken":0.0},{"damage_healed":0.0,"max_hp_gain":0.0,"max_hp_loss":0.0,"gold_gain":0.0,"event_name":"Vampires","player_choice":"Ignored","floor":27.0,"gold_loss":0.0,"damage_taken":0.0},{"damage_healed":0.0,"max_hp_gain":0.0,"max_hp_loss":0.0,"gold_gain":0.0,"event_name":"MindBloom","player_choice":"Fight","floor":37.0,"gold_loss":0.0,"damage_taken":0.0},{"damage_healed":0.0,"max_hp_gain":0.0,"max_hp_loss":0.0,"gold_gain":0.0,"event_name":"Mysterious Sphere","player_choice":"Fight","floor":38.0,"gold_loss":0.0,"damage_taken":0.0},{"cards_removed":["Sweeping Beam"],"damage_healed":0.0,"max_hp_gain":0.0,"max_hp_loss":0.0,"gold_gain":0.0,"event_name":"Falling","player_choice":"Removed Attack","floor":44.0,"gold_loss":0.0,"damage_taken":0.0},{"damage_healed":0,"gold_gain":222,"player_choice":"Wore Mask","damage_taken":0,"max_hp_gain":0,"max_hp_loss":0,"event_name":"Tomb of Lord Red Mask","floor":48,"gold_loss":0}],"is_beta":false,"boss_relics":[{"not_picked":["Runic Pyramid","Black Star"],"picked":"Nuclear Battery"},{"not_picked":["FrozenCore","Snecko Eye"],"picked":"Sozu"}],"items_purged_floors":[29,47],"is_endless":false,"potions_floor_spawned":[5,7,12,18,20,33,36,38,39,45,46],"ascension_level":15}