{"gold_per_floor":[367,380,235,235,246,279,279,306,371,418,430,471,483,523,535,632,644,680,460,489,89,109,141,170,199,274,274,313,313,341,375,375,461,461,487,28,37,37,50,88,88,131,158,183,223,248,272,298,298,298,298,298,24,61,61],"floor_reached":56,"playtime":2519,"items_purged":["Parasite","Strike_B","Strike_B","Zap"],"score":2301,"play_id":"d78a3341-12b8-42d8-8472-873d035c3521","local_time":"20230618105400","is_ascension_mode":true,"campfire_choices":[{"data":"Electrodynamics","floor":7.0,"key":"SMITH"},{"data":"Self Repair","floor":11.0,"key":"SMITH"},{"data":"Conserve Battery","floor":13.0,"key":"SMITH"},{"data":"Seek","floor":15.0,"key":"SMITH"},{"data":"Biased Cognition","floor":27.0,"key":"SMITH"},{"data":"Defragment","floor":32.0,"key":"SMITH"},{"data":"Coolheaded","floor":41.0,"key":"SMITH"},{"floor":49.0,"key":"RECALL"},{"data":"Steam","floor":52.0,"key":"SMITH"}],"neow_cost":"CURSE","seed_source_timestamp":4333986066000,"circlet_count":0,"master_deck":["AscendersBane","Defend_B","Defend_B","Defend_B","Defend_B","Dualcast","Tempest","Rebound+1","Self Repair+1","Core Surge","Ball Lightning","Conserve Battery+1","Sweeping Beam","Barrage+1","Electrodynamics+1","Echo Form","Auto Shields","Steam+1","Seek+1","Biased Cognition+1","BootSequence+1","Defragment+1","Coolheaded+1","Compile Driver","Self Repair+1","Skim+1","Multi-Cast+1","Conserve Battery+1","Turbo+1","Seek+1","Aggregate+1","Undo+1","Stack+1","Recycle+1","Rainbow+1","Force Field+1","Glacier+1","Barrage","Reinforced Body+1"],"special_seed":0,"relics":["Cracked Core","Orrery","Bottled Tornado","MawBank","CeramicFish","Ginger","Philosopher\u0027s Stone","Runic Capacitor","Bottled Lightning","Whetstone","Nunchaku","Toxic Egg 2","Shuriken","Centennial Puzzle","Empty Cage","Bag of Preparation","Pen Nib","Eternal Feather","Lantern","Art of War","Orichalcum","Mercury Hourglass"],"potions_floor_usage":[55,55],"damage_taken":[{"damage":3.0,"enemies":"2 Louse","floor":1.0,"turns":3.0},{"damage":0.0,"enemies":"Cultist","floor":2.0,"turns":4.0},{"damage":12.0,"enemies":"Jaw Worm","floor":5.0,"turns":3.0},{"damage":25.0,"enemies":"Lagavulin","floor":6.0,"turns":7.0},{"damage":5.0,"enemies":"3 Sentries","floor":8.0,"turns":2.0},{"damage":15.0,"enemies":"Lagavulin","floor":10.0,"turns":5.0},{"damage":0.0,"enemies":"2 Fungi Beasts","floor":12.0,"turns":2.0},{"damage":0.0,"enemies":"Exordium Thugs","floor":14.0,"turns":3.0},{"damage":25.0,"enemies":"The Guardian","floor":16.0,"turns":14.0},{"damage":13.0,"enemies":"2 Thieves","floor":18.0,"turns":2.0},{"damage":2.0,"enemies":"Shell Parasite","floor":20.0,"turns":3.0},{"damage":0.0,"enemies":"Snake Plant","floor":22.0,"turns":2.0},{"damage":19.0,"enemies":"Slavers","floor":23.0,"turns":2.0},{"damage":3.0,"enemies":"Snecko","floor":24.0,"turns":5.0},{"damage":0.0,"enemies":"Gremlin Leader","floor":25.0,"turns":4.0},{"damage":13.0,"enemies":"Slavers","floor":28.0,"turns":2.0},{"damage":0.0,"enemies":"3 Cultists","floor":30.0,"turns":2.0},{"damage":40.0,"enemies":"Book of Stabbing","floor":31.0,"turns":5.0},{"damage":25.0,"enemies":"Automaton","floor":33.0,"turns":5.0},{"damage":0.0,"enemies":"3 Shapes","floor":35.0,"turns":2.0},{"damage":0.0,"enemies":"3 Darklings","floor":39.0,"turns":2.0},{"damage":1.0,"enemies":"Giant Head","floor":40.0,"turns":5.0},{"damage":1.0,"enemies":"Nemesis","floor":42.0,"turns":5.0},{"damage":1.0,"enemies":"Spire Growth","floor":44.0,"turns":3.0},{"damage":0.0,"enemies":"Reptomancer","floor":45.0,"turns":4.0},{"damage":6.0,"enemies":"Writhing Mass","floor":46.0,"turns":5.0},{"damage":0.0,"enemies":"Jaw Worm Horde","floor":47.0,"turns":2.0},{"damage":0.0,"enemies":"Giant Head","floor":48.0,"turns":6.0},{"damage":11.0,"enemies":"Time Eater","floor":50.0,"turns":6.0},{"damage":30.0,"enemies":"Shield and Spear","floor":54.0,"turns":3.0},{"damage":11,"enemies":"The Heart","floor":55,"turns":9}],"seed_played":"3241450473392717633","potions_obtained":[{"floor":2.0,"key":"PotionOfCapacity"},{"floor":4.0,"key":"Energy Potion"},{"floor":6.0,"key":"PowerPotion"},{"floor":8.0,"key":"Weak Potion"},{"floor":10.0,"key":"SneckoOil"},{"floor":16.0,"key":"FearPotion"},{"floor":28.0,"key":"PotionOfCapacity"},{"floor":33.0,"key":"Strength Potion"},{"floor":39.0,"key":"FocusPotion"},{"floor":46.0,"key":"EssenceOfSteel"}],"is_trial":false,"path_per_floor":["M","M","$","?","M","E","R","E","T","E","R","M","R","M","R","B",null,"M","$","M","$","M","E","M","E","T","R","E","?","M","E","R","B",null,"M","$","?","$","M","E","R","E","T","M","E","M","M","E","R","B",null,"R","$","E","B",null],"character_chosen":"DEFECT","basemod:card_modifiers":[null,null,null,null,null,null,null,null,null,null,null,null,null,null,null,null,null,null,null,null,null,null,null,null,null,null,null,null,null,null,null,null,null,null,null,null,null,null,null],"items_purchased":["Orrery","Runic Capacitor","Coolheaded","Bottled Lightning","Turbo+1","Bag of Preparation","Pen Nib","Glacier+1","FocusPotion","Barrage"],"campfire_rested":0,"item_purchase_floors":[3,19,21,21,36,36,36,53,53,53],"current_hp_per_floor":[61,61,61,61,56,38,38,40,40,32,32,32,32,42,42,27,60,47,47,45,45,45,36,43,53,53,53,40,40,60,50,50,45,62,68,68,68,68,68,68,68,68,68,68,68,68,68,68,68,68,68,68,68,48,57],"gold":61,"neow_bonus":"TWO_FIFTY_GOLD","is_prod":false,"is_daily":false,"chose_seed":false,"campfire_upgraded":8,"win_rate":0,"timestamp":1687110840,"path_taken":["M","M","$","?","M","E","R","E","T","E","R","M","R","M","R","BOSS","M","?","?","$","M","E","M","E","T","R","E","?","M","E","R","BOSS","M","$","?","?","M","E","R","E","T","M","E","M","M","E","R","BOSS","R","$","E","BOSS"],"build_version":"2022-12-18","purchased_purges":4,"victory":true,"max_hp_per_floor":[71,71,71,71,71,71,71,71,71,71,71,71,71,71,71,71,71,71,68,68,68,68,68,68,68,68,68,68,68,68,68,68,68,68,68,68,68,68,68,68,68,68,68,68,68,68,68,68,68,68,68,68,68,68,68],"relic_stats":{"counters":[31,127],"CeramicFish":207,"Eternal Feather":0,"Pen Nib":[5],"Bag of Preparation":[22],"Ginger":[13],"Whetstone":["Barrage","Rebound"],"Bottled Tornado":"Electrodynamics","Orichalcum":[18],"MawBank":132,"Mercury Hourglass":[27],"Nunchaku":[6],"Centennial Puzzle":[24],"Shuriken":[7],"Art of War":[10],"Bottled Lightning":"Seek","obtain_stats":[{"Lantern":42,"CeramicFish":9,"Eternal Feather":40,"Pen Nib":36,"Runic Capacitor":19,"Bag of Preparation":36,"Ginger":10,"Whetstone":23,"Bottled Tornado":6,"Orichalcum":48,"MawBank":8,"Empty Cage":34,"Mercury Hourglass":54,"Nunchaku":25,"Centennial Puzzle":31,"Shuriken":28,"Orrery":3,"Philosopher\u0027s Stone":17,"Art of War":45,"Bottled Lightning":21,"Toxic Egg 2":26,"Cracked Core":0},{"Lantern":23,"CeramicFish":5,"Eternal Feather":22,"Pen Nib":20,"Runic Capacitor":10,"Bag of Preparation":20,"Ginger":6,"Whetstone":13,"Bottled Tornado":4,"Orichalcum":28,"MawBank":5,"Empty Cage":19,"Mercury Hourglass":30,"Nunchaku":15,"Centennial Puzzle":18,"Shuriken":16,"Orrery":2,"Philosopher\u0027s Stone":9,"Art of War":25,"Bottled Lightning":11,"Toxic Egg 2":15,"Cracked Core":0},{"Lantern":89,"CeramicFish":19,"Eternal Feather":84,"Pen Nib":77,"Runic Capacitor":45,"Bag of Preparation":77,"Ginger":24,"Whetstone":52,"Bottled Tornado":17,"Orichalcum":109,"MawBank":19,"Empty Cage":75,"Mercury Hourglass":118,"Nunchaku":61,"Centennial Puzzle":70,"Shuriken":63,"Orrery":7,"Philosopher\u0027s Stone":43,"Art of War":96,"Bottled Lightning":48,"Toxic Egg 2":61,"Cracked Core":0}]},"card_choices":[{"not_picked":["Barrage","Stack"],"picked":"Tempest","floor":1.0},{"not_picked":["Hologram","Streamline"],"picked":"Rebound","floor":2.0},{"not_picked":["Coolheaded","Beam Cell"],"picked":"Self Repair","floor":3.0},{"not_picked":["Sweeping Beam","Gash"],"picked":"Core Surge","floor":3.0},{"not_picked":["Coolheaded","Sweeping Beam"],"picked":"Ball Lightning","floor":3.0},{"not_picked":["Lockon","Ball Lightning"],"picked":"Conserve Battery","floor":3.0},{"not_picked":["Rebound","Multi-Cast"],"picked":"Sweeping Beam","floor":3.0},{"not_picked":["Ball Lightning","Streamline"],"picked":"Barrage","floor":5.0},{"not_picked":["Leap","Force Field"],"picked":"Electrodynamics","floor":6.0},{"not_picked":["Ball Lightning","Lockon"],"picked":"Echo Form","floor":8.0},{"not_picked":["Steam","Compile Driver"],"picked":"Auto Shields","floor":10.0},{"not_picked":["Gash","Sunder"],"picked":"Steam","floor":12.0},{"not_picked":["Skim","Steam Power"],"picked":"Seek","floor":14.0},{"not_picked":["Rainbow","Hyperbeam"],"picked":"Biased Cognition","floor":16.0},{"not_picked":["Streamline","Consume"],"picked":"BootSequence+1","floor":18.0},{"not_picked":["Coolheaded","Doom and Gloom"],"picked":"Defragment","floor":20.0},{"not_picked":["Scrape","Static Discharge","Steam"],"picked":"SKIP","floor":22.0},{"not_picked":["Beam Cell+1","Turbo","Melter"],"picked":"SKIP","floor":23.0},{"not_picked":["Core Surge","Barrage"],"picked":"Compile Driver","floor":24.0},{"not_picked":["Coolheaded","Turbo","Scrape"],"picked":"SKIP","floor":25.0},{"not_picked":["Sweeping Beam+1","Coolheaded+1"],"picked":"Self Repair+1","floor":28.0},{"not_picked":["Streamline","Genetic Algorithm+1"],"picked":"Skim+1","floor":30.0},{"not_picked":["Beam Cell","Sunder","BootSequence+1"],"picked":"SKIP","floor":31.0},{"not_picked":["Creative AI","Electrodynamics"],"picked":"Multi-Cast+1","floor":33.0},{"not_picked":["Hologram+1","Steam+1"],"picked":"Conserve Battery+1","floor":35.0},{"not_picked":["Redo+1","Static Discharge+1","Steam+1"],"picked":"SKIP","floor":39.0},{"not_picked":["Scrape","Gash"],"picked":"Aggregate+1","floor":40.0},{"not_picked":["Leap+1","Cold Snap+1"],"picked":"Undo+1","floor":42.0},{"not_picked":["Double Energy+1","Beam Cell"],"picked":"Stack+1","floor":44.0},{"not_picked":["Rip and Tear","Redo+1"],"picked":"Recycle+1","floor":45.0},{"not_picked":["Compile Driver","Genetic Algorithm+1"],"picked":"Rainbow+1","floor":46.0},{"not_picked":["Defragment","Conserve Battery+1"],"picked":"Force Field+1","floor":47.0},{"not_picked":["Barrage","Turbo+1","Melter"],"picked":"SKIP","floor":48.0},{"not_picked":["Steam Power+1","Compile Driver"],"picked":"Reinforced Body+1","floor":54.0}],"player_experience":5665066,"relics_obtained":[{"floor":6.0,"key":"Bottled Tornado"},{"floor":8.0,"key":"MawBank"},{"floor":9.0,"key":"CeramicFish"},{"floor":10.0,"key":"Ginger"},{"floor":23.0,"key":"Whetstone"},{"floor":25.0,"key":"Nunchaku"},{"floor":26.0,"key":"Toxic Egg 2"},{"floor":28.0,"key":"Shuriken"},{"floor":31.0,"key":"Centennial Puzzle"},{"floor":40.0,"key":"Eternal Feather"},{"floor":42.0,"key":"Lantern"},{"floor":45.0,"key":"Art of War"},{"floor":48.0,"key":"Orichalcum"},{"floor":54.0,"key":"Mercury Hourglass"}],"event_choices":[{"damage_healed":0.0,"max_hp_gain":0.0,"max_hp_loss":0.0,"gold_gain":0.0,"event_name":"Lab","player_choice":"Got Potions","floor":4.0,"gold_loss":0.0,"damage_taken":0.0},{"damage_healed":0.0,"max_hp_gain":0.0,"max_hp_loss":0.0,"gold_gain":0.0,"event_name":"Cursed Tome","player_choice":"Ignored","floor":29.0,"gold_loss":0.0,"damage_taken":0.0},{"damage_healed":0.0,"max_hp_gain":0.0,"max_hp_loss":0.0,"gold_gain":0.0,"event_name":"Duplicator","player_choice":"Copied","floor":37.0,"gold_loss":0.0,"damage_taken":0.0,"cards_obtained":["Seek"]}],"is_beta":false,"boss_relics":[{"not_picked":["Runic Dome","Cursed Key"],"picked":"Philosopher\u0027s Stone"},{"not_picked":["Black Star","Calling Bell"],"picked":"Empty Cage"}],"items_purged_floors":[19,21,36,53],"is_endless":false,"potions_floor_spawned":[2,6,8,10,16,20,28,30,31,33,35,39,46,48,54],"ascension_level":15}