{"gold_per_floor":[116,132,132,95,107,142,142,170,170,170,170,170,201,220,220,293,293,304,324,324,324,98,126,35,52,106,106,106,106,106,131,131,208,208,226,239,239,149,166,194,194,214,240,240,293,303,303,118,118,118],"floor_reached":51,"playtime":1848,"items_purged":["Strike_B","Strike_B","Strike_B"],"score":1370,"play_id":"cbf3ea0b-93d8-4582-a2a0-a64b75f8d6f1","local_time":"20230621184004","is_ascension_mode":true,"campfire_choices":[{"data":"Buffer","floor":7.0,"key":"SMITH"},{"data":"Ball Lightning","floor":10.0,"key":"SMITH"},{"data":"Capacitor","floor":15.0,"key":"SMITH"},{"floor":27.0,"key":"REST"},{"data":"Electrodynamics","floor":30,"key":"SMITH"},{"floor":32,"key":"REST"},{"data":"Fission","floor":41,"key":"SMITH"},{"data":"Biased Cognition","floor":44,"key":"SMITH"},{"floor":47,"key":"REST"},{"data":"Glacier","floor":49,"key":"SMITH"}],"neow_cost":"NONE","seed_source_timestamp":292383131017600,"circlet_count":0,"master_deck":["AscendersBane","Defend_B","Defend_B","Defend_B","Defend_B","Zap","Dualcast","Buffer+1","Cold Snap","Compile Driver","Undo","Rebound","Biased Cognition+1","Ball Lightning+1","Electrodynamics+1","Capacitor+1","Fission+1","Doom and Gloom","FTL+1","Cold Snap","Coolheaded","Core Surge","Stack+1","Sweeping Beam+1","Glacier+1","Coolheaded+1","Hologram+1","Barrage+1","Compile Driver+1"],"special_seed":0,"relics":["Cracked Core","Question Card","Bag of Marbles","Gremlin Horn","StoneCalendar","Pen Nib","Nuclear Battery","Membership Card","Vajra","ClockworkSouvenir","PreservedInsect","Tiny Chest","Inserter","Molten Egg 2","Potion Belt","FossilizedHelix","Frozen Eye"],"potions_floor_usage":[50,50,50,50],"damage_taken":[{"damage":7.0,"enemies":"Small Slimes","floor":1.0,"turns":3.0},{"damage":0.0,"enemies":"2 Louse","floor":2.0,"turns":4.0},{"damage":0.0,"enemies":"Jaw Worm","floor":5.0,"turns":4.0},{"damage":16.0,"enemies":"3 Sentries","floor":6.0,"turns":10.0},{"damage":0.0,"enemies":"Gremlin Nob","floor":8.0,"turns":4.0},{"damage":5.0,"enemies":"3 Sentries","floor":13.0,"turns":7.0},{"damage":1.0,"enemies":"3 Louse","floor":14.0,"turns":3.0},{"damage":10.0,"enemies":"Hexaghost","floor":16.0,"turns":8.0},{"damage":1.0,"enemies":"Spheric Guardian","floor":18.0,"turns":3.0},{"damage":7.0,"enemies":"Shell Parasite","floor":19.0,"turns":7.0},{"damage":21.0,"enemies":"Slavers","floor":23.0,"turns":4.0},{"damage":7.0,"enemies":"Chosen and Byrds","floor":25.0,"turns":5.0},{"damage":8,"enemies":"Book of Stabbing","floor":31,"turns":4},{"damage":10,"enemies":"Collector","floor":33,"turns":7},{"damage":0,"enemies":"Orb Walker","floor":35,"turns":3},{"damage":0,"enemies":"3 Shapes","floor":36,"turns":4},{"damage":0,"enemies":"Spire Growth","floor":39,"turns":5},{"damage":21,"enemies":"Nemesis","floor":40,"turns":9},{"damage":0,"enemies":"Maw","floor":42,"turns":9},{"damage":20,"enemies":"2 Orb Walkers","floor":45,"turns":4},{"damage":0,"enemies":"3 Darklings","floor":46,"turns":2},{"damage":0,"enemies":"Time Eater","floor":50,"turns":6}],"seed_played":"1135917345631068993","potions_obtained":[{"floor":1.0,"key":"DuplicationPotion"},{"floor":8.0,"key":"LiquidBronze"},{"floor":13.0,"key":"BlessingOfTheForge"},{"floor":16.0,"key":"AttackPotion"},{"floor":18.0,"key":"FearPotion"},{"floor":23.0,"key":"SteroidPotion"},{"floor":25.0,"key":"FocusPotion"},{"floor":40,"key":"DuplicationPotion"},{"floor":45,"key":"Strength Potion"}],"is_trial":false,"path_per_floor":["M","M","?","$","M","E","R","E","T","R","?","?","E","M","R","B",null,"M","M","?","?","$","E","$","M","T","R","?","?","R","E","R","B",null,"M","M","?","$","M","E","R","M","T","R","?","M","R","$","R","B",null],"character_chosen":"DEFECT","basemod:card_modifiers":[null,null,null,null,null,null,null,null,null,null,null,null,null,null,null,null,null,null,null,null,null,null,null,null,null,null,null,null,null],"items_purchased":["Undo","Membership Card","Doom and Gloom","ClockworkSouvenir","Cold Snap","Glacier","Dexterity Potion","Frozen Eye","Compile Driver+1"],"campfire_rested":3,"item_purchase_floors":[4,22,22,24,24,38,48,48,48],"current_hp_per_floor":[57,57,62,62,62,46,46,46,46,46,41,41,36,35,35,25,63,62,55,55,33,33,12,12,5,5,29,29,45,45,37,61,51,74,74,74,74,74,74,53,53,53,53,53,33,33,57,57,57,57],"gold":118,"neow_bonus":"ONE_RANDOM_RARE_CARD","is_prod":false,"is_daily":false,"chose_seed":false,"campfire_upgraded":7,"win_rate":0,"timestamp":1687398004,"path_taken":["M","M","?","$","M","E","R","E","T","R","?","?","E","M","R","BOSS","M","M","?","?","$","E","$","M","T","R","?","?","R","E","R","BOSS","M","M","?","$","M","E","R","?","T","R","?","M","R","$","R","BOSS"],"build_version":"2022-12-18","purchased_purges":3,"victory":true,"max_hp_per_floor":[71,71,76,76,76,76,76,76,76,76,76,76,76,76,76,76,76,76,76,76,81,81,81,81,81,81,81,81,81,81,81,81,81,81,81,81,81,81,81,81,81,81,81,81,81,81,81,81,81,81],"relic_stats":{"Frozen Eye":3.966575,"Inserter":[20],"Gremlin Horn":[13,13],"counters":[22,115],"StoneCalendar":[258],"Tiny Chest":0,"Pen Nib":[13],"PreservedInsect":93,"Membership Card":435,"Question Card":17,"obtain_stats":[{"Potion Belt":43,"Inserter":34,"Gremlin Horn":9,"Vajra":23,"StoneCalendar":11,"Pen Nib":13,"PreservedInsect":26,"Question Card":6,"Nuclear Battery":17,"ClockworkSouvenir":24,"Frozen Eye":48,"Tiny Chest":31,"Molten Egg 2":40,"Bag of Marbles":8,"Membership Card":22,"Cracked Core":0,"FossilizedHelix":45},{"Potion Belt":19,"Inserter":14,"Gremlin Horn":5,"Vajra":11,"StoneCalendar":5,"Pen Nib":6,"PreservedInsect":12,"Question Card":4,"Nuclear Battery":8,"ClockworkSouvenir":11,"Frozen Eye":21,"Tiny Chest":13,"Molten Egg 2":18,"Bag of Marbles":5,"Membership Card":10,"Cracked Core":0,"FossilizedHelix":20},{"Potion Belt":103,"Inserter":73,"Gremlin Horn":25,"Vajra":57,"StoneCalendar":25,"Pen Nib":32,"PreservedInsect":62,"Question Card":21,"Nuclear Battery":43,"ClockworkSouvenir":57,"Frozen Eye":109,"Tiny Chest":66,"Molten Egg 2":94,"Bag of Marbles":25,"Membership Card":53,"Cracked Core":0,"FossilizedHelix":107}],"FossilizedHelix":[0]},"card_choices":[{"not_picked":["Loop","Stack"],"picked":"Cold Snap","floor":1.0},{"not_picked":["Blizzard","Redo"],"picked":"Compile Driver","floor":2.0},{"not_picked":["Undo","Beam Cell"],"picked":"Rebound","floor":5.0},{"not_picked":["Cold Snap","Go for the Eyes"],"picked":"Biased Cognition","floor":6.0},{"not_picked":["Leap","Sunder","Redo"],"picked":"Ball Lightning","floor":8.0},{"not_picked":["Static Discharge","Streamline","Go for the Eyes"],"picked":"Electrodynamics","floor":13.0},{"not_picked":["Consume","Skim","Loop"],"picked":"Capacitor","floor":14.0},{"not_picked":["Machine Learning","All For One","Meteor Strike"],"picked":"Fission","floor":16.0},{"not_picked":["Streamline","Redo","Steam Power","Beam Cell"],"picked":"SKIP","floor":18.0},{"not_picked":["Streamline","Steam","Stack","Compile Driver"],"picked":"SKIP","floor":19.0},{"not_picked":["Barrage","Rainbow","Thunder Strike"],"picked":"FTL+1","floor":23.0},{"not_picked":["Hologram","Turbo","Aggregate"],"picked":"Coolheaded","floor":25.0},{"not_picked":["Reprogram","Chaos","BootSequence","Rebound"],"picked":"SKIP","floor":31},{"not_picked":["Electrodynamics","Creative AI","Hyperbeam"],"picked":"Core Surge","floor":33},{"not_picked":["Heatsinks","Capacitor","Rebound"],"picked":"Stack+1","floor":35},{"not_picked":["Rebound","Blizzard","Recycle"],"picked":"Sweeping Beam+1","floor":36},{"not_picked":["Turbo","Tempest","Go for the Eyes"],"picked":"Coolheaded+1","floor":39},{"not_picked":["Hello World","Undo","FTL+1","Hyperbeam+1"],"picked":"SKIP","floor":40},{"not_picked":["Redo","Go for the Eyes+1","Sunder+1"],"picked":"Hologram+1","floor":42},{"not_picked":["Defragment","Sweeping Beam+1","Storm"],"picked":"Barrage+1","floor":45},{"not_picked":["Streamline+1","Auto Shields","Gash+1","Reinforced Body"],"picked":"SKIP","floor":46}],"player_experience":5691611,"relics_obtained":[{"floor":6.0,"key":"Question Card"},{"floor":8.0,"key":"Bag of Marbles"},{"floor":9.0,"key":"Gremlin Horn"},{"floor":13.0,"key":"Pen Nib"},{"floor":23.0,"key":"Vajra"},{"floor":26.0,"key":"PreservedInsect"},{"floor":31,"key":"Tiny Chest"},{"floor":40,"key":"Molten Egg 2"},{"floor":43,"key":"Potion Belt"},{"floor":45,"key":"FossilizedHelix"}],"event_choices":[{"damage_healed":0.0,"max_hp_gain":5.0,"max_hp_loss":0.0,"gold_gain":0.0,"event_name":"Big Fish","player_choice":"Donut","floor":3.0,"gold_loss":0.0,"damage_taken":0.0},{"damage_healed":0.0,"max_hp_gain":0.0,"max_hp_loss":0.0,"gold_gain":0.0,"event_name":"Scrap Ooze","player_choice":"Success","floor":11.0,"gold_loss":0.0,"damage_taken":5.0,"relics_obtained":["StoneCalendar"]},{"cards_removed":["Strike_B"],"damage_healed":0.0,"max_hp_gain":0.0,"max_hp_loss":0.0,"gold_gain":0.0,"event_name":"Living Wall","player_choice":"Forget","floor":12.0,"gold_loss":0.0,"damage_taken":0.0},{"damage_healed":0.0,"max_hp_gain":0.0,"max_hp_loss":0.0,"gold_gain":0.0,"event_name":"The Mausoleum","player_choice":"Ignored","floor":20.0,"gold_loss":0.0,"damage_taken":0.0},{"damage_healed":0.0,"max_hp_gain":5.0,"max_hp_loss":0.0,"gold_gain":0.0,"event_name":"Forgotten Altar","player_choice":"Shed Blood","floor":21.0,"gold_loss":0.0,"damage_taken":27.0},{"damage_healed":0.0,"max_hp_gain":0.0,"max_hp_loss":0.0,"gold_gain":0.0,"event_name":"Ghosts","player_choice":"Ignored","floor":28.0,"gold_loss":0.0,"damage_taken":0.0},{"damage_healed":16,"gold_gain":0,"player_choice":"Heal","damage_taken":0,"max_hp_gain":0,"max_hp_loss":0,"event_name":"The Library","floor":29,"gold_loss":0},{"damage_healed":0,"gold_gain":0,"player_choice":"Ignored","damage_taken":0,"max_hp_gain":0,"max_hp_loss":0,"event_name":"SecretPortal","floor":37,"gold_loss":0},{"damage_healed":0,"gold_gain":0,"player_choice":"Fight","damage_taken":0,"max_hp_gain":0,"max_hp_loss":0,"event_name":"Mysterious Sphere","floor":45,"gold_loss":0}],"is_beta":false,"boss_relics":[{"not_picked":["FrozenCore","Empty Cage"],"picked":"Nuclear Battery"},{"not_picked":["Velvet Choker","SacredBark"],"picked":"Inserter"}],"items_purged_floors":[22,38,48],"is_endless":false,"potions_floor_spawned":[1,8,13,16,18,23,25,33,36,39,40,42,45],"ascension_level":15}