{"gold_per_floor":[365,384,384,401,416,416,48,80,133,166,183,183,216,226,226,297,297,312,330,34,34,50,77,77,106,118,130,57,98,110,134,146,235,247,273,285,7,27,47,82,82,115,166,166,56,75,0,17,17,17],"floor_reached":51,"playtime":2443,"items_purged":["Strike_G","Strike_G","Strike_G","Strike_G"],"score":1449,"play_id":"201fcfba-d3d3-44c2-b795-9383329cc705","local_time":"20201212102034","is_ascension_mode":true,"campfire_choices":[{"data":"Sucker Punch","floor":6,"key":"SMITH"},{"floor":12,"key":"REST"},{"data":"Footwork","floor":15,"key":"SMITH"},{"floor":24,"key":"REST"},{"data":"Footwork","floor":27,"key":"SMITH"},{"data":"Deadly Poison","floor":32,"key":"SMITH"},{"floor":41,"key":"REST"},{"floor":44,"key":"REST"},{"data":"Well Laid Plans","floor":49,"key":"SMITH"}],"neow_cost":"TEN_PERCENT_HP_LOSS","seed_source_timestamp":80130110249300,"circlet_count":0,"master_deck":["AscendersBane","Strike_G+1","Defend_G","Defend_G","Defend_G","Defend_G","Defend_G+1","Survivor","Neutralize","Sucker Punch+1","Quick Slash","Slice","All Out Attack","Backstab","Footwork+1","Escape Plan","Dagger Throw","Deadly Poison+1","Dash","Dash+1","Footwork+1","Leg Sweep","Burst","Corpse Explosion","Backflip","Cloak And Dagger+1","Backflip+1","PiercingWail+1","PiercingWail+1","Distraction+1","Bouncing Flask+1","Well Laid Plans+1","Cloak And Dagger+1"],"relics":["Ring of the Snake","Lantern","The Courier","Omamori","Regal Pillow","Bag of Preparation","Cursed Key","Potion Belt","Blood Vial","MawBank","Bottled Tornado","Strawberry","Sundial","Philosopher\u0027s Stone","Membership Card","Toxic Egg 2","Centennial Puzzle","Anchor","Juzu Bracelet"],"potions_floor_usage":[8,10,23,23,29,33,33,39,50,50,50],"damage_taken":[{"damage":0,"enemies":"2 Louse","floor":1,"turns":4},{"damage":0,"enemies":"Jaw Worm","floor":2,"turns":5},{"damage":3,"enemies":"Small Slimes","floor":4,"turns":3},{"damage":6,"enemies":"2 Fungi Beasts","floor":5,"turns":3},{"damage":11,"enemies":"Lagavulin","floor":8,"turns":7},{"damage":9,"enemies":"Gremlin Nob","floor":10,"turns":5},{"damage":0,"enemies":"Exordium Thugs","floor":11,"turns":4},{"damage":18,"enemies":"Lagavulin","floor":13,"turns":6},{"damage":2,"enemies":"Blue Slaver","floor":14,"turns":2},{"damage":16,"enemies":"The Guardian","floor":16,"turns":13},{"damage":0,"enemies":"3 Byrds","floor":18,"turns":4},{"damage":6,"enemies":"Spheric Guardian","floor":19,"turns":3},{"damage":0,"enemies":"Shelled Parasite and Fungi","floor":22,"turns":5},{"damage":5,"enemies":"Slavers","floor":23,"turns":7},{"damage":5,"enemies":"Book of Stabbing","floor":25,"turns":7},{"damage":0,"enemies":"Gremlin Leader","floor":29,"turns":9},{"damage":0,"enemies":"Centurion and Healer","floor":31,"turns":9},{"damage":56,"enemies":"Automaton","floor":33,"turns":15},{"damage":0,"enemies":"3 Shapes","floor":35,"turns":5},{"damage":0,"enemies":"3 Darklings","floor":38,"turns":5},{"damage":31,"enemies":"Writhing Mass","floor":39,"turns":10},{"damage":12,"enemies":"Reptomancer","floor":40,"turns":11},{"damage":30,"enemies":"Nemesis","floor":42,"turns":11},{"damage":6,"enemies":"4 Shapes","floor":46,"turns":3},{"damage":0,"enemies":"Transient","floor":48,"turns":5},{"damage":5,"enemies":"Donu and Deca","floor":50,"turns":9}],"seed_played":"-7423902941548127282","potions_obtained":[{"floor":1,"key":"LiquidBronze"},{"floor":2,"key":"Fire Potion"},{"floor":4,"key":"LiquidMemories"},{"floor":8,"key":"Ancient Potion"},{"floor":11,"key":"Strength Potion"},{"floor":22,"key":"ColorlessPotion"},{"floor":25,"key":"AttackPotion"},{"floor":30,"key":"ColorlessPotion"},{"floor":30,"key":"SpeedPotion"},{"floor":31,"key":"Fruit Juice"},{"floor":39,"key":"Poison Potion"}],"is_trial":false,"path_per_floor":["M","M","?","M","M","R","$","E","T","E","M","R","E","M","R","B",null,"M","M","$","?","M","E","R","E","T","R","?","E","?","M","R","B",null,"M","?","$","M","M","E","R","E","T","R","$","M","$","M","R","B",null],"character_chosen":"THE_SILENT","items_purchased":["Backstab","Lantern","Footwork","Footwork","Potion Belt","Fire Potion","Membership Card","Toxic Egg 2","Dexterity Potion","Cloak And Dagger+1","Backflip+1","Dexterity Potion","Bouncing Flask+1","Well Laid Plans"],"campfire_rested":4,"item_purchase_floors":[7,7,7,20,20,20,37,37,37,37,37,37,45,45],"current_hp_per_floor":[59,59,41,38,32,32,32,21,21,12,12,45,27,25,25,9,47,47,41,41,41,41,36,60,55,55,55,62,64,64,66,66,11,53,55,55,55,57,33,23,59,31,31,67,67,63,63,65,65,62],"gold":17,"neow_bonus":"TWO_FIFTY_GOLD","is_prod":false,"is_daily":false,"chose_seed":false,"campfire_upgraded":5,"win_rate":0,"timestamp":1607797234,"path_taken":["M","M","?","M","M","R","$","E","T","E","M","R","E","M","R","BOSS","M","M","$","?","M","E","R","E","T","R","?","E","?","M","R","BOSS","M","?","$","M","M","E","R","E","T","R","$","M","$","M","R","BOSS"],"build_version":"2020-11-30","purchased_purges":4,"victory":true,"max_hp_per_floor":[60,60,60,60,60,60,60,60,60,60,60,60,60,60,60,60,60,60,60,60,60,60,60,60,60,60,60,67,67,67,67,67,67,67,67,67,67,67,72,72,72,72,72,72,72,72,72,72,72,72],"card_choices":[{"not_picked":["Reflex","Deflect"],"picked":"Sucker Punch","floor":1},{"not_picked":["Distraction","Acrobatics"],"picked":"Quick Slash","floor":2},{"not_picked":["Outmaneuver","Quick Slash"],"picked":"Slice","floor":4},{"not_picked":["Calculated Gamble","Storm of Steel"],"picked":"All Out Attack","floor":5},{"not_picked":["Flechettes","All Out Attack"],"picked":"Escape Plan","floor":8},{"not_picked":["Outmaneuver","Sucker Punch"],"picked":"Dagger Throw","floor":10},{"not_picked":["Heel Hook","Prepared"],"picked":"Deadly Poison","floor":11},{"not_picked":["Catalyst","Reflex","Flying Knee"],"picked":"SKIP","floor":13},{"not_picked":["Deadly Poison","Sucker Punch"],"picked":"Dash","floor":14},{"not_picked":["Grand Finale","Unload"],"picked":"Die Die Die","floor":16},{"not_picked":["Acrobatics","All Out Attack","Choke"],"picked":"SKIP","floor":18},{"not_picked":["Bane","Dagger Spray"],"picked":"Dash+1","floor":19},{"not_picked":["Dagger Throw","All Out Attack"],"picked":"Leg Sweep","floor":22},{"not_picked":["Heel Hook","Blade Dance","Dagger Throw"],"picked":"SKIP","floor":23},{"not_picked":["Accuracy+1","Flechettes","Slice+1"],"picked":"SKIP","floor":25},{"not_picked":["Caltrops","Acrobatics"],"picked":"Burst","floor":29},{"not_picked":["Tactician","Prepared","Terror"],"picked":"SKIP","floor":31},{"not_picked":["Grand Finale","A Thousand Cuts"],"picked":"Corpse Explosion","floor":33},{"not_picked":["Masterful Stab+1","Underhanded Strike+1"],"picked":"Backflip","floor":35},{"not_picked":["Sucker Punch","Poisoned Stab","Underhanded Strike"],"picked":"SKIP","floor":38},{"not_picked":["Outmaneuver+1","Underhanded Strike+1"],"picked":"PiercingWail+1","floor":39},{"not_picked":["Dagger Spray","Quick Slash"],"picked":"PiercingWail+1","floor":40},{"not_picked":["Flying Knee","Poisoned Stab"],"picked":"Distraction+1","floor":42},{"not_picked":["Underhanded Strike+1","Poisoned Stab"],"picked":"Cloak And Dagger+1","floor":46},{"not_picked":["Well Laid Plans","Flying Knee","Masterful Stab"],"picked":"SKIP","floor":48}],"player_experience":4580093,"relics_obtained":[{"floor":8,"key":"The Courier"},{"floor":9,"key":"Omamori"},{"floor":10,"key":"Regal Pillow"},{"floor":13,"key":"Bag of Preparation"},{"floor":23,"key":"Blood Vial"},{"floor":25,"key":"MawBank"},{"floor":26,"key":"Bottled Tornado"},{"floor":29,"key":"Sundial"},{"floor":40,"key":"Centennial Puzzle"},{"floor":42,"key":"Anchor"},{"floor":43,"key":"Juzu Bracelet"}],"event_choices":[{"damage_healed":0,"gold_gain":0,"player_choice":"Entered Light","damage_taken":18,"max_hp_gain":0,"max_hp_loss":0,"event_name":"Shining Light","floor":3,"gold_loss":0,"cards_upgraded":["Defend_G","Strike_G"]},{"damage_healed":0,"gold_gain":0,"player_choice":"Ignored","damage_taken":0,"max_hp_gain":0,"max_hp_loss":0,"event_name":"Ghosts","floor":21,"gold_loss":0},{"damage_healed":0,"gold_gain":0,"player_choice":"Obtained Relic","damage_taken":0,"relics_obtained":["Strawberry"],"max_hp_gain":0,"max_hp_loss":0,"event_name":"Addict","floor":28,"gold_loss":85},{"damage_healed":0,"gold_gain":0,"player_choice":"Got Potions","damage_taken":0,"max_hp_gain":0,"max_hp_loss":0,"event_name":"Lab","floor":30,"gold_loss":0},{"cards_removed":["Die Die Die"],"damage_healed":0,"gold_gain":0,"player_choice":"Removed Attack","damage_taken":0,"max_hp_gain":0,"max_hp_loss":0,"event_name":"Falling","floor":36,"gold_loss":0}],"is_beta":false,"boss_relics":[{"not_picked":["Runic Pyramid","Fusion Hammer"],"picked":"Cursed Key"},{"not_picked":["Coffee Dripper","Sozu"],"picked":"Philosopher\u0027s Stone"}],"items_purged_floors":[7,20,45,47],"is_endless":false,"potions_floor_spawned":[1,2,4,8,11,13,22,25,31,39,40,46],"ascension_level":15}