{"gold_per_floor":[117,0,0,15,15,15,31,50,50,50,64,82,115,140,140,236,236,261,261,275,69,82,82,115,115,115,146,146,146,166,91,91,168,168,183,196,196,46,46,75,75,103,103,103,129,129,147,179,179,179],"floor_reached":51,"playtime":2192,"items_purged":["A Thousand Cuts"],"score":1408,"play_id":"859c4755-8586-4789-a565-9e1169d16124","local_time":"20201212093908","is_ascension_mode":true,"campfire_choices":[{"data":"Corpse Explosion","floor":6.0,"key":"SMITH"},{"data":"Well Laid Plans","floor":15.0,"key":"SMITH"},{"floor":23.0,"key":"REST"},{"data":"Footwork","floor":25.0,"key":"SMITH"},{"floor":29.0,"key":"REST"},{"data":"Night Terror","floor":32.0,"key":"SMITH"},{"data":"Noxious Fumes","floor":41,"key":"SMITH"},{"floor":44,"key":"REST"},{"floor":49,"key":"REST"}],"neow_cost":"NONE","seed_source_timestamp":77773677686200,"circlet_count":0,"master_deck":["AscendersBane","Survivor","Neutralize+1","All Out Attack+1","Corpse Explosion+1","Catalyst+1","Dodge and Roll","Cloak And Dagger","Noxious Fumes+1","Endless Agony+1","Well Laid Plans+1","Leg Sweep","Riddle With Holes+1","PiercingWail","Heel Hook+1","PiercingWail","Night Terror+1","Unload+1","Dash+1","Poisoned Stab+1","Footwork+1","Cloak And Dagger","Backstab+1","Poisoned Stab+1","Dodge and Roll","Die Die Die+1","PiercingWail","Predator+1","Leg Sweep","Prepared+1"],"special_seed":0,"relics":["WristBlade","Bloody Idol","Blue Candle","Molten Egg 2","Odd Mushroom","Pandora\u0027s Box","Sundial","StrikeDummy","MealTicket","Busted Crown","ClockworkSouvenir","Letter Opener","Smiling Mask","Frozen Egg 2","Lantern","CeramicFish"],"potions_floor_usage":[40,50],"damage_taken":[{"damage":1.0,"enemies":"2 Louse","floor":1.0,"turns":4.0},{"damage":3.0,"enemies":"Small Slimes","floor":4.0,"turns":2.0},{"damage":0.0,"enemies":"Cultist","floor":7.0,"turns":2.0},{"damage":10.0,"enemies":"Large Slime","floor":8.0,"turns":5.0},{"damage":0.0,"enemies":"Looter","floor":11.0,"turns":4.0},{"damage":3.0,"enemies":"Blue Slaver","floor":12.0,"turns":3.0},{"damage":2.0,"enemies":"3 Sentries","floor":13.0,"turns":2.0},{"damage":4.0,"enemies":"The Mushroom Lair","floor":14.0,"turns":2.0},{"damage":8.0,"enemies":"The Guardian","floor":16.0,"turns":9.0},{"damage":15.0,"enemies":"2 Thieves","floor":18.0,"turns":4.0},{"damage":0.0,"enemies":"Chosen","floor":20.0,"turns":4.0},{"damage":15.0,"enemies":"Snecko","floor":22.0,"turns":5.0},{"damage":6.0,"enemies":"Slavers","floor":24.0,"turns":5.0},{"damage":33.0,"enemies":"Book of Stabbing","floor":27.0,"turns":5.0},{"damage":14.0,"enemies":"Centurion and Healer","floor":30.0,"turns":5.0},{"damage":11.0,"enemies":"Champ","floor":33.0,"turns":7.0},{"damage":10.0,"enemies":"Orb Walker","floor":35.0,"turns":3.0},{"damage":4.0,"enemies":"3 Darklings","floor":36.0,"turns":2.0},{"damage":9,"enemies":"Reptomancer","floor":40,"turns":7},{"damage":24,"enemies":"Nemesis","floor":42,"turns":7},{"damage":39,"enemies":"Giant Head","floor":45,"turns":9},{"damage":14,"enemies":"Writhing Mass","floor":47,"turns":8},{"damage":18,"enemies":"Nemesis","floor":48,"turns":5},{"damage":23,"enemies":"Awakened One","floor":50,"turns":20}],"seed_played":"-2093507854552638243","potions_obtained":[{"floor":7.0,"key":"PowerPotion"},{"floor":14.0,"key":"ColorlessPotion"},{"floor":18.0,"key":"AttackPotion"},{"floor":24.0,"key":"SpeedPotion"},{"floor":45,"key":"Explosive Potion"}],"is_trial":false,"path_per_floor":["M","$","?","M","?","R","M","M","T","?","M","M","E","?","R","B",null,"M","?","M","$","M","R","E","R","T","E","$","R","M","?","R","B",null,"M","M","?","$","?","E","R","E","T","R","E","?","M","E","R","B",null],"character_chosen":"THE_SILENT","items_purchased":["Corpse Explosion","Poison Potion","Footwork","Cloak And Dagger","Energy Potion","ClockworkSouvenir"],"campfire_rested":4,"item_purchase_floors":[2,2,21,21,21,38],"current_hp_per_floor":[58,58,38,35,35,35,35,25,25,25,25,22,20,16,16,8,47,32,32,37,37,27,45,44,44,44,16,31,49,40,40,40,34,54,49,50,50,60,60,56,56,37,37,55,21,49,40,27,41,18],"gold":179,"neow_bonus":"BOSS_RELIC","is_prod":false,"is_daily":false,"chose_seed":false,"campfire_upgraded":5,"win_rate":0,"timestamp":1607794748,"path_taken":["M","$","?","M","?","R","M","M","T","?","M","?","E","?","R","BOSS","M","?","M","$","M","R","E","R","T","E","$","R","M","?","R","BOSS","M","M","?","$","?","E","R","E","T","R","E","?","M","E","R","BOSS"],"build_version":"2020-11-30","purchased_purges":1,"victory":true,"max_hp_per_floor":[66,66,66,66,60,60,60,60,60,60,60,60,60,60,60,60,60,60,60,60,60,60,60,60,60,60,60,60,60,60,60,60,60,60,60,60,60,60,60,60,60,60,60,60,60,49,49,49,49,49],"card_choices":[{"not_picked":["Sucker Punch","Acrobatics"],"picked":"All Out Attack","floor":1.0},{"not_picked":["Dagger Spray","Setup"],"picked":"Catalyst","floor":4.0},{"not_picked":["Prepared","Outmaneuver"],"picked":"Dodge and Roll","floor":7.0},{"not_picked":["Skewer","Prepared"],"picked":"Cloak And Dagger","floor":8.0},{"not_picked":["Catalyst","Outmaneuver","Masterful Stab"],"picked":"SKIP","floor":11.0},{"not_picked":["Slice","Quick Slash"],"picked":"Noxious Fumes","floor":12.0},{"not_picked":["Setup","Crippling Poison"],"picked":"Endless Agony+1","floor":13.0},{"not_picked":["Accuracy","Deadly Poison"],"picked":"Well Laid Plans","floor":14.0},{"not_picked":["Venomology","Night Terror"],"picked":"After Image","floor":16.0},{"not_picked":["Noxious Fumes","Flechettes+1","Accuracy"],"picked":"SKIP","floor":18.0},{"not_picked":["Finisher+1","Deadly Poison"],"picked":"Poisoned Stab+1","floor":20.0},{"not_picked":["Reflex","Poisoned Stab+1"],"picked":"Backstab+1","floor":22.0},{"not_picked":["Acrobatics","Reflex"],"picked":"Poisoned Stab+1","floor":24.0},{"not_picked":["Noxious Fumes","Acrobatics","Heel Hook+1"],"picked":"SKIP","floor":27.0},{"not_picked":["Bane+1","Dagger Spray+1"],"picked":"Dodge and Roll","floor":30.0},{"not_picked":["Phantasmal Killer","Storm of Steel"],"picked":"Die Die Die+1","floor":33.0},{"not_picked":["Prepared"],"picked":"SKIP","floor":35.0},{"not_picked":[],"picked":"PiercingWail","floor":36.0},{"not_picked":["Underhanded Strike+1"],"picked":"SKIP","floor":40},{"not_picked":[],"picked":"Predator+1","floor":42},{"not_picked":[],"picked":"Leg Sweep","floor":45},{"not_picked":[],"picked":"Prepared+1","floor":47},{"not_picked":["Accuracy+1"],"picked":"SKIP","floor":48}],"player_experience":4577901,"relics_obtained":[{"floor":9.0,"key":"Blue Candle"},{"floor":13.0,"key":"Molten Egg 2"},{"floor":14.0,"key":"Odd Mushroom"},{"floor":24.0,"key":"Sundial"},{"floor":26.0,"key":"StrikeDummy"},{"floor":27.0,"key":"MealTicket"},{"floor":40,"key":"Letter Opener"},{"floor":42,"key":"Smiling Mask"},{"floor":43,"key":"Frozen Egg 2"},{"floor":45,"key":"Lantern"},{"floor":48,"key":"CeramicFish"}],"event_choices":[{"damage_healed":0.0,"max_hp_gain":0.0,"max_hp_loss":0.0,"gold_gain":0.0,"event_name":"Shining Light","player_choice":"Entered Light","floor":3.0,"gold_loss":0.0,"damage_taken":20.0,"cards_upgraded":["All Out Attack","Neutralize"]},{"damage_healed":0.0,"max_hp_gain":0.0,"max_hp_loss":6.0,"gold_gain":0.0,"event_name":"Golden Idol","player_choice":"Lose Max HP","floor":5.0,"gold_loss":0.0,"damage_taken":0.0,"relics_obtained":["Golden Idol"]},{"damage_healed":0.0,"max_hp_gain":0.0,"max_hp_loss":0.0,"gold_gain":0.0,"event_name":"Upgrade Shrine","player_choice":"Upgraded","floor":10.0,"gold_loss":0.0,"damage_taken":0.0,"cards_upgraded":["Catalyst"]},{"damage_healed":0.0,"max_hp_gain":0.0,"max_hp_loss":0.0,"gold_gain":0.0,"event_name":"Mushrooms","player_choice":"Fought Mushrooms","floor":14.0,"gold_loss":0.0,"damage_taken":0.0},{"damage_healed":0.0,"max_hp_gain":0.0,"max_hp_loss":0.0,"gold_gain":0.0,"event_name":"Forgotten Altar","player_choice":"Gave Idol","floor":19.0,"relics_lost":["Golden Idol"],"gold_loss":0.0,"damage_taken":0.0,"relics_obtained":["Bloody Idol"]},{"cards_removed":["Terror"],"damage_healed":0.0,"max_hp_gain":0.0,"max_hp_loss":0.0,"gold_gain":0.0,"event_name":"Beggar","player_choice":"Gave Gold","floor":31.0,"gold_loss":75.0,"damage_taken":0.0},{"damage_healed":0.0,"max_hp_gain":0.0,"max_hp_loss":0.0,"gold_gain":0.0,"event_name":"Tomb of Lord Red Mask","player_choice":"Ignored","floor":37.0,"gold_loss":0.0,"damage_taken":0.0},{"cards_removed":["After Image"],"damage_healed":0,"gold_gain":0,"player_choice":"Removed Power","damage_taken":0,"max_hp_gain":0,"max_hp_loss":0,"event_name":"Falling","floor":39,"gold_loss":0},{"damage_healed":49,"gold_gain":0,"player_choice":"Heal","damage_taken":0,"max_hp_gain":0,"max_hp_loss":11,"event_name":"The Moai Head","floor":46,"gold_loss":0}],"is_beta":false,"boss_relics":[{"not_picked":["Coffee Dripper","Runic Pyramid"],"picked":"Pandora\u0027s Box"},{"not_picked":["SacredBark","Black Star"],"picked":"Busted Crown"}],"items_purged_floors":[21],"is_endless":false,"potions_floor_spawned":[7,13,14,18,24,33,36,45,48],"ascension_level":15}