{"gold_per_floor":[219,98,108,108,28,28,56,68,147,147,171,171,181,214,214,292,292,305,305,320,334,180,213,227,252,279,299,325,325,342,342,342,421,421,436,180,193,193,212,243,243,243,243,259,292,123,123,15,15,15],"floor_reached":51,"playtime":2123,"items_purged":["Strike_G","Strike_G"],"score":1647,"play_id":"b62febfb-a5a2-4c16-ac2d-4b35a8e506e8","local_time":"20201213091721","is_ascension_mode":true,"campfire_choices":[{"floor":6.0,"key":"REST"},{"data":"Footwork","floor":10.0,"key":"SMITH"},{"data":"Deadly Poison","floor":12.0,"key":"SMITH"},{"data":"Bouncing Flask","floor":15.0,"key":"SMITH"},{"data":"Footwork","floor":32.0,"key":"SMITH"},{"data":"Backstab","floor":41.0,"key":"SMITH"},{"data":"Caltrops","floor":47,"key":"SMITH"},{"data":"Survivor","floor":49,"key":"SMITH"}],"neow_cost":"NONE","seed_source_timestamp":162999180951500,"circlet_count":0,"master_deck":["AscendersBane","Strike_G+1","Strike_G","Strike_G+1","Defend_G","Defend_G","Defend_G","Defend_G","Defend_G","Survivor+1","Neutralize+1","Flying Knee+1","Footwork+1","Deadly Poison+1","Footwork+1","Caltrops+1","Bouncing Flask+1","Bullet Time+1","Corpse Explosion+1","Catalyst+1","Prepared+1","Deflect+1","Tactician+1","Backstab+1","Leg Sweep+1","PiercingWail+1","Blur+1","Deflect+1","Crippling Poison+1","Acrobatics+1","Burst+1","Deflect+1","Night Terror+1","Chrysalis+1","Dodge and Roll+1","Blur+1"],"special_seed":0,"relics":["Ring of the Snake","Singing Bowl","Akabeko","Toxic Egg 2","Runic Pyramid","PreservedInsect","Toy Ornithopter","Anchor","Mercury Hourglass","Nloth\u0027s Gift","Philosopher\u0027s Stone","Orrery","Pantograph","Meat on the Bone","Bronze Scales"],"potions_floor_usage":[50,50],"damage_taken":[{"damage":0.0,"enemies":"Cultist","floor":1.0,"turns":4.0},{"damage":0.0,"enemies":"2 Louse","floor":3.0,"turns":3.0},{"damage":13.0,"enemies":"Gremlin Nob","floor":7.0,"turns":4.0},{"damage":2.0,"enemies":"Jaw Worm","floor":8.0,"turns":4.0},{"damage":3.0,"enemies":"Looter","floor":13.0,"turns":3.0},{"damage":20.0,"enemies":"Lagavulin","floor":14.0,"turns":7.0},{"damage":5.0,"enemies":"The Guardian","floor":16.0,"turns":9.0},{"damage":4.0,"enemies":"Shell Parasite","floor":18.0,"turns":5.0},{"damage":14.0,"enemies":"2 Thieves","floor":20.0,"turns":2.0},{"damage":4.0,"enemies":"Snake Plant","floor":21.0,"turns":4.0},{"damage":8.0,"enemies":"Book of Stabbing","floor":23.0,"turns":5.0},{"damage":0.0,"enemies":"Cultist and Chosen","floor":24.0,"turns":4.0},{"damage":0.0,"enemies":"Slavers","floor":25.0,"turns":1.0},{"damage":3.0,"enemies":"Snecko","floor":27.0,"turns":3.0},{"damage":0.0,"enemies":"Gremlin Leader","floor":28.0,"turns":5.0},{"damage":5.0,"enemies":"Centurion and Healer","floor":30.0,"turns":4.0},{"damage":9.0,"enemies":"Collector","floor":33.0,"turns":9.0},{"damage":11.0,"enemies":"3 Darklings","floor":35.0,"turns":4.0},{"damage":0.0,"enemies":"Orb Walker","floor":37.0,"turns":3.0},{"damage":0.0,"enemies":"Sphere and 2 Shapes","floor":39.0,"turns":3.0},{"damage":0.0,"enemies":"Giant Head","floor":40.0,"turns":6.0},{"damage":0.0,"enemies":"3 Darklings","floor":44.0,"turns":2.0},{"damage":0.0,"enemies":"Nemesis","floor":45.0,"turns":7.0},{"damage":0,"enemies":"Awakened One","floor":50,"turns":14}],"seed_played":"3422812830601532378","potions_obtained":[{"floor":3.0,"key":"DistilledChaos"},{"floor":8.0,"key":"Regen Potion"},{"floor":16.0,"key":"SkillPotion"},{"floor":21.0,"key":"Weak Potion"},{"floor":28.0,"key":"Regen Potion"},{"floor":35.0,"key":"Energy Potion"},{"floor":37.0,"key":"GamblersBrew"}],"is_trial":false,"path_per_floor":["M","$","M","?","$","R","E","M","T","R","T","R","M","E","R","B",null,"M","?","M","M","$","E","M","E","T","M","E","?","M","?","R","B",null,"M","$","M","?","M","E","R","?","T","M","E","$","R","$","R","B",null],"character_chosen":"THE_SILENT","items_purchased":["Footwork","SteroidPotion","Footwork","Tactician+1","Orrery","Chrysalis+1","Dodge and Roll+1","Blur+1"],"campfire_rested":1,"item_purchase_floors":[2,2,5,22,36,46,48,48],"current_hp_per_floor":[59,59,59,39,39,58,45,43,43,43,43,43,40,35,35,30,57,55,55,41,37,37,31,31,33,33,30,35,35,51,51,51,44,68,62,66,68,68,68,70,70,70,70,70,70,70,70,70,70,84],"gold":15,"neow_bonus":"HUNDRED_GOLD","is_prod":false,"is_daily":false,"chose_seed":false,"campfire_upgraded":7,"win_rate":0,"timestamp":1607879841,"path_taken":["M","?","M","?","?","R","E","M","T","R","?","R","M","E","R","BOSS","M","?","M","M","$","E","M","E","T","M","E","?","M","?","R","BOSS","M","$","M","?","M","E","R","?","T","M","E","$","R","?","R","BOSS"],"build_version":"2020-11-30","purchased_purges":2,"victory":true,"max_hp_per_floor":[66,66,66,66,66,66,66,66,66,66,66,66,66,66,66,66,66,68,68,68,68,68,70,70,72,72,72,72,72,74,74,74,76,76,76,80,82,82,82,84,84,84,84,84,84,84,84,84,84,84],"card_choices":[{"not_picked":["Acrobatics","Distraction"],"picked":"Flying Knee","floor":1.0},{"not_picked":["Dodge and Roll","Sucker Punch"],"picked":"Deadly Poison","floor":3.0},{"not_picked":["Distraction","Footwork"],"picked":"Caltrops","floor":7.0},{"not_picked":["Backflip","Distraction"],"picked":"Flying Knee","floor":8.0},{"not_picked":["Cloak And Dagger","Quick Slash"],"picked":"Bouncing Flask","floor":13.0},{"not_picked":["Well Laid Plans","Concentrate+1"],"picked":"Bullet Time+1","floor":14.0},{"not_picked":["Die Die Die","Unload"],"picked":"Corpse Explosion+1","floor":16.0},{"not_picked":["Bane","Slice","Flechettes"],"picked":"Singing Bowl","floor":18.0},{"not_picked":["Bane","Outmaneuver+1"],"picked":"Prepared+1","floor":20.0},{"not_picked":["Reflex+1","Backstab"],"picked":"Deflect+1","floor":21.0},{"not_picked":["Corpse Explosion+1","Outmaneuver+1","Blade Dance+1"],"picked":"Singing Bowl","floor":23.0},{"not_picked":["Footwork","Bane"],"picked":"Backstab","floor":24.0},{"not_picked":["Prepared+1","Finisher","Tools of the Trade"],"picked":"Singing Bowl","floor":25.0},{"not_picked":["Slice","Poisoned Stab"],"picked":"Leg Sweep+1","floor":27.0},{"not_picked":["Distraction+1","Footwork+1"],"picked":"PiercingWail+1","floor":28.0},{"not_picked":["Finisher","Flying Knee","Leg Sweep+1"],"picked":"Singing Bowl","floor":30.0},{"not_picked":["Corpse Explosion+1","Storm of Steel+1","Envenom"],"picked":"Singing Bowl","floor":33.0},{"not_picked":["Masterful Stab","Die Die Die"],"picked":"Blur+1","floor":35.0},{"not_picked":["Outmaneuver+1","Sucker Punch"],"picked":"Deflect+1","floor":36.0},{"not_picked":["Choke+1","Skewer+1","Flying Knee"],"picked":"Singing Bowl","floor":36.0},{"not_picked":["Dash","Eviscerate"],"picked":"Crippling Poison+1","floor":36.0},{"not_picked":["Flying Knee","Blade Dance+1","Outmaneuver+1"],"picked":"Singing Bowl","floor":36.0},{"not_picked":["Poisoned Stab","Choke"],"picked":"Acrobatics+1","floor":36.0},{"not_picked":["Deadly Poison+1","Outmaneuver+1","Finisher"],"picked":"Singing Bowl","floor":37.0},{"not_picked":["Dash","Slice"],"picked":"Burst+1","floor":39.0},{"not_picked":["Quick Slash","Noxious Fumes","Unload"],"picked":"Singing Bowl","floor":40.0},{"not_picked":["Choke","Underhanded Strike"],"picked":"Deflect+1","floor":44.0},{"not_picked":["Backflip+1","Poisoned Stab+1"],"picked":"Night Terror+1","floor":45.0}],"player_experience":4583120,"relics_obtained":[{"floor":7.0,"key":"Whetstone"},{"floor":9.0,"key":"Singing Bowl"},{"floor":11.0,"key":"Akabeko"},{"floor":14.0,"key":"Toxic Egg 2"},{"floor":23.0,"key":"PreservedInsect"},{"floor":25.0,"key":"Toy Ornithopter"},{"floor":26.0,"key":"Anchor"},{"floor":28.0,"key":"Mercury Hourglass"},{"floor":40.0,"key":"Pantograph"},{"floor":43.0,"key":"Meat on the Bone"},{"floor":45.0,"key":"Bronze Scales"}],"event_choices":[{"damage_healed":0.0,"max_hp_gain":0.0,"max_hp_loss":0.0,"gold_gain":0.0,"event_name":"Shining Light","player_choice":"Entered Light","floor":4.0,"gold_loss":0.0,"damage_taken":20.0,"cards_upgraded":["Flying Knee","Strike_G"]},{"damage_healed":0.0,"max_hp_gain":0.0,"max_hp_loss":0.0,"gold_gain":0.0,"event_name":"The Library","player_choice":"Read","floor":19.0,"gold_loss":0.0,"damage_taken":0.0,"cards_obtained":["Catalyst"]},{"damage_healed":0.0,"max_hp_gain":0.0,"max_hp_loss":0.0,"gold_gain":0.0,"event_name":"Cursed Tome","player_choice":"Ignored","floor":29.0,"gold_loss":0.0,"damage_taken":0.0},{"damage_healed":0.0,"max_hp_gain":0.0,"max_hp_loss":0.0,"gold_gain":0.0,"event_name":"N\u0027loth","player_choice":"Traded Relic","floor":31.0,"relics_lost":["Whetstone"],"gold_loss":0.0,"damage_taken":0.0,"relics_obtained":["Nloth\u0027s Gift"]},{"cards_removed":["Flying Knee"],"damage_healed":0.0,"max_hp_gain":0.0,"max_hp_loss":0.0,"gold_gain":0.0,"event_name":"Falling","player_choice":"Removed Attack","floor":38.0,"gold_loss":0.0,"damage_taken":0.0},{"damage_healed":0.0,"max_hp_gain":0.0,"max_hp_loss":0.0,"gold_gain":0.0,"event_name":"Tomb of Lord Red Mask","player_choice":"Ignored","floor":42.0,"gold_loss":0.0,"damage_taken":0.0}],"is_beta":false,"boss_relics":[{"not_picked":["SlaversCollar","Ectoplasm"],"picked":"Runic Pyramid"},{"not_picked":["Busted Crown","WristBlade"],"picked":"Philosopher\u0027s Stone"}],"items_purged_floors":[22,36],"is_endless":false,"potions_floor_spawned":[3,8,16,18,21,23,28,35,37,40,44],"ascension_level":15}