{"gold_per_floor":[117,17,28,28,28,28,59,72,72,87,115,115,132,157,157,234,234,234,234,108,108,33,33,33,33,33,33,33,33,33,33,33,33,33,33,33,33,33,33,33,33,33,33,33,33,33,33,33,33,33],"floor_reached":51,"playtime":2220,"items_purged":["Strike_G"],"score":1426,"play_id":"6f72a528-e1b2-4301-9696-c93eb94e5ee2","local_time":"20201217181645","is_ascension_mode":true,"campfire_choices":[{"floor":6.0,"key":"REST"},{"floor":12.0,"key":"REST"},{"data":"Footwork","floor":15.0,"key":"SMITH"},{"floor":24.0,"key":"REST"},{"floor":27.0,"key":"REST"},{"data":"Blade Dance","floor":29.0,"key":"SMITH"},{"floor":32.0,"key":"REST"},{"data":"Cloak And Dagger","floor":41,"key":"SMITH"},{"data":"After Image","floor":44,"key":"SMITH"},{"data":"Finisher","floor":46,"key":"SMITH"},{"floor":49,"key":"REST"}],"neow_cost":"NONE","seed_source_timestamp":540827314246200,"circlet_count":0,"master_deck":["AscendersBane","Strike_G","Strike_G","Defend_G+1","Defend_G","Defend_G","Defend_G","Defend_G","Survivor","Neutralize+1","Escape Plan","Dagger Spray+1","Leg Sweep+1","Heel Hook","PiercingWail","PiercingWail","Slice","Backstab","Footwork+1","Cloak And Dagger+1","Blur","Finisher+1","Blade Dance+1","Backstab","After Image+1","CurseOfTheBell","Blade Dance","Backflip","Leg Sweep","Blade Dance","Backflip","Dodge and Roll","Backflip+1"],"special_seed":0,"relics":["Ring of the Snake","Bottled Flame","HornCleat","Shuriken","Singing Bowl","Ectoplasm","Pen Nib","Bottled Tornado","Ancient Tea Set","War Paint","Calling Bell","MawBank","Kunai","Gambling Chip","Pear","Mercury Hourglass","Nunchaku"],"potions_floor_usage":[40,42,50],"damage_taken":[{"damage":7.0,"enemies":"Jaw Worm","floor":1.0,"turns":5.0},{"damage":10.0,"enemies":"2 Louse","floor":3.0,"turns":3.0},{"damage":26.0,"enemies":"3 Sentries","floor":7.0,"turns":10.0},{"damage":1.0,"enemies":"Small Slimes","floor":8.0,"turns":2.0},{"damage":0.0,"enemies":"Blue Slaver","floor":10.0,"turns":4.0},{"damage":10.0,"enemies":"Gremlin Nob","floor":11.0,"turns":4.0},{"damage":0.0,"enemies":"Red Slaver","floor":13.0,"turns":3.0},{"damage":1.0,"enemies":"3 Sentries","floor":14.0,"turns":5.0},{"damage":3.0,"enemies":"The Guardian","floor":16.0,"turns":13.0},{"damage":1.0,"enemies":"Shell Parasite","floor":18.0,"turns":5.0},{"damage":0.0,"enemies":"Spheric Guardian","floor":21.0,"turns":7.0},{"damage":23.0,"enemies":"Book of Stabbing","floor":23.0,"turns":8.0},{"damage":44.0,"enemies":"Slavers","floor":25.0,"turns":11.0},{"damage":1.0,"enemies":"Shelled Parasite and Fungi","floor":31.0,"turns":5.0},{"damage":29.0,"enemies":"Automaton","floor":33.0,"turns":7.0},{"damage":0.0,"enemies":"3 Shapes","floor":35.0,"turns":11.0},{"damage":0.0,"enemies":"Orb Walker","floor":36.0,"turns":5.0},{"damage":1,"enemies":"4 Shapes","floor":39,"turns":13},{"damage":10,"enemies":"Nemesis","floor":40,"turns":9},{"damage":0,"enemies":"Reptomancer","floor":42,"turns":7},{"damage":0,"enemies":"Transient","floor":45,"turns":5},{"damage":0,"enemies":"Sphere and 2 Shapes","floor":48,"turns":1},{"damage":0,"enemies":"Time Eater","floor":50,"turns":16}],"seed_played":"-1486514333585285116","potions_obtained":[{"floor":10.0,"key":"BlessingOfTheForge"},{"floor":11.0,"key":"BlessingOfTheForge"},{"floor":14.0,"key":"DistilledChaos"},{"floor":16.0,"key":"FairyPotion"},{"floor":18.0,"key":"Block Potion"},{"floor":21.0,"key":"Strength Potion"},{"floor":25.0,"key":"DuplicationPotion"},{"floor":33.0,"key":"GamblersBrew"},{"floor":35.0,"key":"SpeedPotion"},{"floor":40,"key":"Poison Potion"},{"floor":45,"key":"GhostInAJar"}],"is_trial":false,"path_per_floor":["M","$","M","?","?","R","E","M","T","M","E","R","M","E","R","B",null,"M","?","$","M","?","E","R","E","T","R","?","R","$","M","R","B",null,"M","M","?","?","M","E","R","E","T","R","M","R","$","M","R","B",null],"character_chosen":"THE_SILENT","items_purchased":["Deadly Poison","Dagger Spray","Cloak And Dagger"],"campfire_rested":6,"item_purchase_floors":[2,2,20],"current_hp_per_floor":[52,52,42,35,35,54,28,27,27,27,17,36,36,35,35,34,60,59,59,59,59,59,36,56,12,12,32,32,32,32,31,51,22,57,57,57,57,57,56,58,58,58,58,58,58,58,58,60,82,82],"gold":33,"neow_bonus":"UPGRADE_CARD","is_prod":false,"is_daily":false,"chose_seed":false,"campfire_upgraded":5,"win_rate":0,"timestamp":1608257805,"path_taken":["M","$","M","?","?","R","E","M","T","M","E","R","M","E","R","BOSS","M","?","$","M","?","E","R","E","T","R","?","R","$","?","R","BOSS","M","M","?","?","?","E","R","E","T","R","M","R","?","M","R","BOSS"],"build_version":"2020-12-13","purchased_purges":1,"victory":true,"max_hp_per_floor":[66,66,66,66,66,66,66,66,66,66,66,66,66,66,66,68,68,68,68,68,68,68,68,68,68,68,68,68,68,68,68,68,68,68,68,68,68,68,68,80,80,80,80,80,80,80,80,82,82,82],"card_choices":[{"not_picked":["Acrobatics","Outmaneuver"],"picked":"Escape Plan","floor":1.0},{"not_picked":["Concentrate","Escape Plan"],"picked":"Leg Sweep","floor":3.0},{"not_picked":["Tools of the Trade","Bane"],"picked":"Heel Hook","floor":7.0},{"not_picked":["Finisher","Dodge and Roll"],"picked":"PiercingWail","floor":8.0},{"not_picked":["Quick Slash","Expertise"],"picked":"PiercingWail","floor":10.0},{"not_picked":["Flying Knee","Deflect"],"picked":"Slice","floor":11.0},{"not_picked":["Noxious Fumes","Storm of Steel"],"picked":"Backstab","floor":13.0},{"not_picked":["Crippling Poison","Underhanded Strike"],"picked":"Footwork","floor":14.0},{"not_picked":["Unload","A Thousand Cuts","Bullet Time"],"picked":"Singing Bowl","floor":16.0},{"not_picked":["Choke","Catalyst"],"picked":"Deflect","floor":18.0},{"not_picked":["Deflect","Underhanded Strike"],"picked":"Blur","floor":21.0},{"not_picked":["Dagger Spray","Quick Slash"],"picked":"Finisher","floor":23.0},{"not_picked":["Unload","Prepared"],"picked":"Blade Dance","floor":25.0},{"not_picked":["Catalyst","Dagger Spray"],"picked":"Backstab","floor":31.0},{"not_picked":["Night Terror","Burst"],"picked":"After Image","floor":33.0},{"not_picked":["Heel Hook","Expertise"],"picked":"Blade Dance","floor":35.0},{"not_picked":["Deflect","Deadly Poison+1"],"picked":"Backflip","floor":36.0},{"not_picked":["Footwork","Dagger Throw"],"picked":"Backflip","floor":39},{"not_picked":["Dagger Throw","Footwork","Dagger Spray"],"picked":"Singing Bowl","floor":40},{"not_picked":["Well Laid Plans","Outmaneuver+1"],"picked":"Dodge and Roll","floor":42},{"not_picked":["Footwork","Blur"],"picked":"Backflip+1","floor":45},{"not_picked":["Choke","Endless Agony","Dash"],"picked":"Singing Bowl","floor":48}],"player_experience":4592379,"relics_obtained":[{"floor":7.0,"key":"Bottled Flame"},{"floor":9.0,"key":"HornCleat"},{"floor":11.0,"key":"Shuriken"},{"floor":14.0,"key":"Singing Bowl"},{"floor":23.0,"key":"Pen Nib"},{"floor":25.0,"key":"Bottled Tornado"},{"floor":26.0,"key":"Ancient Tea Set"},{"floor":34.0,"key":"MawBank"},{"floor":34.0,"key":"Kunai"},{"floor":34.0,"key":"Gambling Chip"},{"floor":40,"key":"Pear"},{"floor":42,"key":"Mercury Hourglass"},{"floor":43,"key":"Nunchaku"}],"event_choices":[{"cards_removed":["Strike_G"],"damage_healed":0.0,"max_hp_gain":0.0,"max_hp_loss":0.0,"gold_gain":0.0,"event_name":"Golden Wing","player_choice":"Card Removal","floor":4.0,"gold_loss":0.0,"damage_taken":7.0},{"damage_healed":0.0,"max_hp_gain":0.0,"max_hp_loss":0.0,"gold_gain":0.0,"event_name":"Living Wall","player_choice":"Grow","floor":5.0,"gold_loss":0.0,"damage_taken":0.0,"cards_upgraded":["Dagger Spray"]},{"damage_healed":0.0,"max_hp_gain":0.0,"max_hp_loss":0.0,"gold_gain":0.0,"event_name":"Vampires","player_choice":"Ignored","floor":19.0,"gold_loss":0.0,"damage_taken":0.0},{"cards_removed":["Strike_G"],"damage_healed":0.0,"max_hp_gain":0.0,"max_hp_loss":0.0,"gold_gain":0.0,"event_name":"Beggar","player_choice":"Gave Gold","floor":22.0,"gold_loss":75.0,"damage_taken":0.0},{"cards_removed":["Deadly Poison"],"damage_healed":0.0,"max_hp_gain":0.0,"max_hp_loss":0.0,"gold_gain":0.0,"event_name":"WeMeetAgain","player_choice":"Gave Card","floor":28.0,"gold_loss":0.0,"damage_taken":0.0,"relics_obtained":["War Paint"]},{"cards_removed":["Deflect"],"damage_healed":0.0,"max_hp_gain":0.0,"max_hp_loss":0.0,"gold_gain":0.0,"event_name":"Falling","player_choice":"Removed Skill","floor":37.0,"gold_loss":0.0,"damage_taken":0.0},{"damage_healed":0.0,"max_hp_gain":0.0,"max_hp_loss":0.0,"gold_gain":0.0,"event_name":"Match and Keep!","player_choice":"2 cards matched","floor":38.0,"gold_loss":0.0,"damage_taken":0.0,"cards_obtained":["Leg Sweep","Blade Dance"]}],"is_beta":false,"boss_relics":[{"not_picked":["HoveringKite","SlaversCollar"],"picked":"Ectoplasm"},{"not_picked":["Black Star","SacredBark"],"picked":"Calling Bell"}],"items_purged_floors":[20],"is_endless":false,"potions_floor_spawned":[10,11,14,16,18,21,25,33,35,40,45,48],"ascension_level":15}