{"gold_per_floor":[115,127,144,162,145,179,197,225,273,273,273,198,213,249,249,345,345,369,269,284,6,24,65,81,81,107,107,122,141,177,193,193,291,291,306,306,322,336,336,371,39,80,80,80,123,148,186,202,202,202],"floor_reached":51,"playtime":3063,"items_purged":["Strike_G","Strike_G","Strike_G","Writhe"],"score":1658,"play_id":"adc23375-1041-47f0-a6d1-f56150cc6bce","local_time":"20201214225235","is_ascension_mode":true,"campfire_choices":[{"floor":11.0,"key":"REST"},{"data":"Noxious Fumes","floor":15.0,"key":"SMITH"},{"data":"Footwork","floor":25.0,"key":"SMITH"},{"data":"Bouncing Flask","floor":27.0,"key":"SMITH"},{"floor":32.0,"key":"REST"},{"data":"Neutralize","floor":44.0,"key":"SMITH"},{"data":"Night Terror","floor":49,"key":"SMITH"}],"neow_cost":"NONE","seed_source_timestamp":297233788899100,"circlet_count":0,"master_deck":["AscendersBane","Strike_G","Strike_G","Defend_G","Defend_G","Defend_G","Defend_G","Defend_G","Survivor","Neutralize+1","PiercingWail","All Out Attack","Bouncing Flask+1","Noxious Fumes+1","Footwork+1","Deflect","Blur","Dodge and Roll","Backstab","Corpse Explosion","Well Laid Plans+1","Prepared+1","Bane","Backflip","PiercingWail","Venomology","Night Terror+1","Acrobatics+1","Deflect+1","Predator","Dodge and Roll","Deadly Poison+1"],"special_seed":0,"relics":["Ring of the Snake","InkBottle","Snake Skull","Boot","Golden Idol","Bag of Preparation","Cursed Key","Art of War","Pantograph","Bronze Scales","Tiny Chest","Coffee Dripper","Unceasing Top","Membership Card","Oddly Smooth Stone","Omamori","Lantern","Nunchaku","Juzu Bracelet"],"potions_floor_usage":[47,47,50,50],"damage_taken":[{"damage":0.0,"enemies":"Cultist","floor":1.0,"turns":4.0},{"damage":0.0,"enemies":"Small Slimes","floor":2.0,"turns":6.0},{"damage":0.0,"enemies":"2 Louse","floor":3.0,"turns":2.0},{"damage":6.0,"enemies":"Red Slaver","floor":4.0,"turns":4.0},{"damage":4.0,"enemies":"Exordium Thugs","floor":5.0,"turns":4.0},{"damage":16.0,"enemies":"Gremlin Nob","floor":6.0,"turns":4.0},{"damage":3.0,"enemies":"Blue Slaver","floor":7.0,"turns":5.0},{"damage":20.0,"enemies":"3 Sentries","floor":8.0,"turns":7.0},{"damage":0.0,"enemies":"Large Slime","floor":13.0,"turns":5.0},{"damage":2.0,"enemies":"Lagavulin","floor":14.0,"turns":8.0},{"damage":3.0,"enemies":"Hexaghost","floor":16.0,"turns":8.0},{"damage":0.0,"enemies":"Chosen","floor":18.0,"turns":4.0},{"damage":0.0,"enemies":"3 Byrds","floor":20.0,"turns":2.0},{"damage":0.0,"enemies":"3 Cultists","floor":22.0,"turns":3.0},{"damage":3.0,"enemies":"Book of Stabbing","floor":23.0,"turns":7.0},{"damage":14.0,"enemies":"Snecko","floor":24.0,"turns":6.0},{"damage":3.0,"enemies":"Shelled Parasite and Fungi","floor":28.0,"turns":5.0},{"damage":0.0,"enemies":"Centurion and Healer","floor":29.0,"turns":5.0},{"damage":0.0,"enemies":"Slavers","floor":30.0,"turns":4.0},{"damage":0.0,"enemies":"Snake Plant","floor":31.0,"turns":4.0},{"damage":4.0,"enemies":"Automaton","floor":33.0,"turns":9.0},{"damage":0.0,"enemies":"3 Shapes","floor":35.0,"turns":4.0},{"damage":0.0,"enemies":"Orb Walker","floor":37.0,"turns":4.0},{"damage":3.0,"enemies":"4 Shapes","floor":38.0,"turns":3.0},{"damage":0.0,"enemies":"Nemesis","floor":40.0,"turns":8.0},{"damage":32.0,"enemies":"Reptomancer","floor":42.0,"turns":8.0},{"damage":5.0,"enemies":"Giant Head","floor":45.0,"turns":7.0},{"damage":1.0,"enemies":"Writhing Mass","floor":46.0,"turns":6.0},{"damage":0,"enemies":"Reptomancer","floor":47,"turns":8},{"damage":0,"enemies":"3 Darklings","floor":48,"turns":4},{"damage":0,"enemies":"Awakened One","floor":50,"turns":13}],"seed_played":"-8153328982635529179","potions_obtained":[{"floor":1.0,"key":"Fire Potion"},{"floor":3.0,"key":"Strength Potion"},{"floor":6.0,"key":"Fruit Juice"},{"floor":8.0,"key":"SkillPotion"},{"floor":18.0,"key":"Block Potion"},{"floor":28.0,"key":"Poison Potion"},{"floor":30.0,"key":"Fire Potion"}],"is_trial":false,"path_per_floor":["M","M","M","M","M","E","M","E","T","?","R","$","M","E","R","B",null,"M","$","M","$","M","E","M","R","T","R","M","M","E","M","R","B",null,"M","?","M","M","?","E","$","E","T","R","E","M","E","M","R","B",null],"character_chosen":"THE_SILENT","items_purchased":["Art of War","Membership Card","Oddly Smooth Stone","Dexterity Potion"],"campfire_rested":2,"item_purchase_floors":[21,41,41,41],"current_hp_per_floor":[59,59,59,53,49,33,30,15,15,15,34,34,34,32,32,29,55,55,55,55,55,55,52,38,38,38,38,35,35,35,35,54,60,63,63,63,63,60,60,60,60,28,28,28,23,22,22,22,22,47],"gold":202,"neow_bonus":"THREE_CARDS","is_prod":false,"is_daily":false,"chose_seed":false,"campfire_upgraded":5,"win_rate":0,"timestamp":1608015155,"path_taken":["M","M","M","?","?","E","M","E","T","?","R","$","M","E","R","BOSS","M","$","M","$","M","E","M","R","T","R","M","M","E","M","R","BOSS","M","?","M","M","?","E","$","E","T","R","E","M","E","M","R","BOSS"],"build_version":"2020-12-13","purchased_purges":4,"victory":true,"max_hp_per_floor":[66,66,66,66,66,66,66,71,71,64,64,64,64,64,64,64,64,64,64,64,64,64,64,64,64,64,64,64,64,64,64,64,64,64,64,64,64,64,64,64,64,64,64,64,64,64,64,64,64,64],"card_choices":[{"not_picked":["Setup","Prepared"],"picked":"PiercingWail","floor":0.0},{"not_picked":["Catalyst","Infinite Blades"],"picked":"All Out Attack","floor":1.0},{"not_picked":["Setup","Well Laid Plans"],"picked":"Bouncing Flask","floor":2.0},{"not_picked":["Bane","Expertise"],"picked":"Noxious Fumes","floor":3.0},{"not_picked":["Finisher","Dagger Spray"],"picked":"Footwork","floor":4.0},{"not_picked":["Dodge and Roll","Skewer"],"picked":"Deflect","floor":5.0},{"not_picked":["Eviscerate","Sucker Punch"],"picked":"Backstab","floor":6.0},{"not_picked":["Sucker Punch","Expertise"],"picked":"Blur","floor":7.0},{"not_picked":["Acrobatics","Underhanded Strike","Night Terror"],"picked":"SKIP","floor":8.0},{"not_picked":["Backflip","Quick Slash"],"picked":"Dodge and Roll","floor":13.0},{"not_picked":["Skewer","Deadly Poison"],"picked":"Backstab","floor":14.0},{"not_picked":["Envenom","Tools of the Trade"],"picked":"Corpse Explosion","floor":16.0},{"not_picked":["Infinite Blades","PiercingWail"],"picked":"Well Laid Plans","floor":18.0},{"not_picked":["Distraction","Flying Knee","All Out Attack"],"picked":"SKIP","floor":20.0},{"not_picked":["Heel Hook","Acrobatics"],"picked":"Prepared+1","floor":22.0},{"not_picked":["Tactician","Sucker Punch","Quick Slash"],"picked":"SKIP","floor":23.0},{"not_picked":["Dagger Spray","Slice"],"picked":"Bane","floor":24.0},{"not_picked":["Flying Knee+1","Calculated Gamble"],"picked":"Backflip","floor":28.0},{"not_picked":["Blade Dance","Quick Slash"],"picked":"PiercingWail","floor":29.0},{"not_picked":["Setup","Riddle With Holes"],"picked":"Venomology","floor":30.0},{"not_picked":["Dagger Spray","Concentrate","Prepared"],"picked":"SKIP","floor":31.0},{"not_picked":["Unload","After Image"],"picked":"Night Terror","floor":33.0},{"not_picked":["Outmaneuver+1","Caltrops"],"picked":"Acrobatics+1","floor":35.0},{"not_picked":["Concentrate+1","Flying Knee","Sucker Punch"],"picked":"SKIP","floor":37.0},{"not_picked":["Outmaneuver+1","Slice","Bane+1"],"picked":"SKIP","floor":38.0},{"not_picked":["Outmaneuver+1","Slice","Bane+1"],"picked":"SKIP","floor":38.0},{"not_picked":["Tactician","Phantasmal Killer"],"picked":"Deflect+1","floor":40.0},{"not_picked":["Setup","Deflect"],"picked":"Predator","floor":42.0},{"not_picked":["Flying Knee","Acrobatics","Well Laid Plans"],"picked":"SKIP","floor":45.0},{"not_picked":["Prepared","Bane","Riddle With Holes"],"picked":"SKIP","floor":46.0},{"not_picked":["Venomology","Predator"],"picked":"Dodge and Roll","floor":47},{"not_picked":["All Out Attack","Eviscerate+1"],"picked":"Deadly Poison+1","floor":48}],"player_experience":4587260,"relics_obtained":[{"floor":6.0,"key":"InkBottle"},{"floor":8.0,"key":"Snake Skull"},{"floor":9.0,"key":"Boot"},{"floor":14.0,"key":"Bag of Preparation"},{"floor":23.0,"key":"Pantograph"},{"floor":26.0,"key":"Bronze Scales"},{"floor":30.0,"key":"Tiny Chest"},{"floor":40.0,"key":"Unceasing Top"},{"floor":42.0,"key":"Omamori"},{"floor":43.0,"key":"Lantern"},{"floor":45.0,"key":"Nunchaku"},{"floor":47,"key":"Juzu Bracelet"}],"event_choices":[{"damage_healed":0.0,"max_hp_gain":0.0,"max_hp_loss":7.0,"gold_gain":0.0,"event_name":"Golden Idol","player_choice":"Lose Max HP","floor":10.0,"gold_loss":0.0,"damage_taken":0.0,"relics_obtained":["Golden Idol"]},{"cards_removed":["Backstab"],"damage_healed":0.0,"max_hp_gain":0.0,"max_hp_loss":0.0,"gold_gain":0.0,"event_name":"Falling","player_choice":"Removed Attack","floor":36.0,"gold_loss":0.0,"damage_taken":0.0},{"damage_healed":0.0,"max_hp_gain":0.0,"max_hp_loss":0.0,"gold_gain":0.0,"event_name":"Upgrade Shrine","player_choice":"Upgraded","floor":39.0,"gold_loss":0.0,"damage_taken":0.0,"cards_upgraded":["Well Laid Plans"]}],"is_beta":false,"boss_relics":[{"not_picked":["Velvet Choker","Calling Bell"],"picked":"Cursed Key"},{"not_picked":["Ring of the Serpent","Astrolabe"],"picked":"Coffee Dripper"}],"items_purged_floors":[12,19,21,41],"is_endless":false,"potions_floor_spawned":[1,3,6,8,14,18,28,30,35,42,46,48],"ascension_level":15}