{"gold_per_floor":[116,133,133,133,149,149,190,190,213,234,7,7,38,63,63,157,157,177,28,28,28,28,28,47,65,65,78,91,91,91,123,123,194,194,213,230,15,15,15,41,41,57,57,57,83,83,110,142,142,142],"floor_reached":51,"playtime":2462,"items_purged":["Strike_G","Strike_G"],"score":1434,"play_id":"28dc03a3-8429-4b99-be3f-1f94268fec42","local_time":"20210108123017","is_ascension_mode":true,"campfire_choices":[{"data":"Neutralize","floor":6.0,"key":"SMITH"},{"data":"Dagger Spray","floor":8.0,"key":"SMITH"},{"data":"Masterful Stab","floor":15.0,"key":"SMITH"},{"data":"Corpse Explosion","floor":23.0,"key":"SMITH"},{"data":"Deadly Poison","floor":29.0,"key":"SMITH"},{"data":"Footwork","floor":32.0,"key":"SMITH"},{"data":"Apotheosis","floor":41.0,"key":"SMITH"},{"data":"Burst","floor":44.0,"key":"SMITH"},{"data":"PiercingWail","floor":46,"key":"SMITH"},{"data":"Blur","floor":49,"key":"SMITH"}],"neow_cost":"NONE","seed_source_timestamp":755503023679600,"circlet_count":0,"master_deck":["AscendersBane","Strike_G","Strike_G","Strike_G","Defend_G","Defend_G","Defend_G","Defend_G","Defend_G","Survivor","Neutralize+1","Blade Dance","Blur+1","Deadly Poison+1","Flying Knee","Dagger Spray+1","Corpse Explosion+1","Cloak And Dagger","Wraith Form v2+1","Noxious Fumes+1","Catalyst+1","Footwork+1","Burst+1","PiercingWail+1","Backflip","Apotheosis+1","Cloak And Dagger+1","Prepared+1"],"special_seed":0,"relics":["Ring of the Snake","Bloody Idol","Ancient Tea Set","Potion Belt","Eternal Feather","Runic Pyramid","Nilry\u0027s Codex","Meat on the Bone","Matryoshka","Sozu","WingedGreaves","Blood Vial","Blue Candle","Singing Bowl","Nunchaku","Toy Ornithopter"],"potions_floor_usage":[],"damage_taken":[{"damage":1.0,"enemies":"Cultist","floor":1.0,"turns":4.0},{"damage":0.0,"enemies":"2 Louse","floor":2.0,"turns":2.0},{"damage":2.0,"enemies":"Jaw Worm","floor":5.0,"turns":5.0},{"damage":21.0,"enemies":"Lagavulin","floor":7.0,"turns":10.0},{"damage":0.0,"enemies":"Looter","floor":10.0,"turns":2.0},{"damage":14.0,"enemies":"3 Sentries","floor":13.0,"turns":5.0},{"damage":0.0,"enemies":"3 Louse","floor":14.0,"turns":1.0},{"damage":24.0,"enemies":"Slime Boss","floor":16.0,"turns":14.0},{"damage":0.0,"enemies":"Spheric Guardian","floor":18.0,"turns":6.0},{"damage":0.0,"enemies":"3 Byrds","floor":24.0,"turns":3.0},{"damage":5.0,"enemies":"Snake Plant","floor":25.0,"turns":6.0},{"damage":12.0,"enemies":"Cultist and Chosen","floor":27.0,"turns":3.0},{"damage":13.0,"enemies":"Shelled Parasite and Fungi","floor":28.0,"turns":6.0},{"damage":31.0,"enemies":"Book of Stabbing","floor":31.0,"turns":7.0},{"damage":20.0,"enemies":"Collector","floor":33.0,"turns":12.0},{"damage":11.0,"enemies":"Orb Walker","floor":35.0,"turns":4.0},{"damage":11.0,"enemies":"3 Darklings","floor":36.0,"turns":3.0},{"damage":20.0,"enemies":"Nemesis","floor":40.0,"turns":13.0},{"damage":2.0,"enemies":"Writhing Mass","floor":42.0,"turns":5.0},{"damage":46,"enemies":"Reptomancer","floor":45,"turns":11},{"damage":0,"enemies":"Nemesis","floor":47,"turns":7},{"damage":15,"enemies":"Giant Head","floor":48,"turns":8},{"damage":60,"enemies":"Time Eater","floor":50,"turns":10}],"seed_played":"-7567232214086520522","potions_obtained":[{"floor":1.0,"key":"PowerPotion"},{"floor":2.0,"key":"BlessingOfTheForge"},{"floor":13.0,"key":"EssenceOfSteel"},{"floor":16.0,"key":"GhostInAJar"},{"floor":24.0,"key":"Ancient Potion"},{"floor":25.0,"key":"GamblersBrew"},{"floor":31.0,"key":"Block Potion"}],"is_trial":false,"path_per_floor":["M","M","?","?","M","R","E","R","T","M","$","?","E","M","R","B",null,"M","$","?","?","?","R","M","M","T","M","M","R","?","E","R","B",null,"M","M","$","?","?","E","R","M","T","R","E","R","E","E","R","B",null],"character_chosen":"THE_SILENT","items_purchased":["Corpse Explosion","Block Potion","Backflip","Apotheosis"],"campfire_rested":0,"item_purchase_floors":[11,19,37,37],"current_hp_per_floor":[58,58,58,63,61,61,40,40,40,40,40,40,26,26,38,14,52,52,52,31,31,31,43,48,48,48,41,45,57,57,43,55,40,59,53,47,47,47,47,44,59,62,62,62,35,50,57,49,64,16],"gold":142,"neow_bonus":"THREE_CARDS","is_prod":false,"is_daily":false,"chose_seed":false,"campfire_upgraded":10,"win_rate":0,"timestamp":1610137817,"path_taken":["M","M","?","?","M","R","E","R","T","M","$","?","E","M","R","BOSS","M","$","?","?","?","R","M","M","T","?","M","R","?","E","R","BOSS","M","M","$","?","?","E","R","M","T","R","E","R","E","E","R","BOSS"],"build_version":"2020-12-22","purchased_purges":2,"victory":true,"max_hp_per_floor":[66,66,60,65,65,65,65,65,65,65,65,65,65,65,65,65,65,65,65,65,65,65,65,65,65,65,65,65,65,65,65,65,65,65,65,65,65,65,62,62,62,62,62,62,64,64,64,64,64,64],"card_choices":[{"not_picked":["Backflip","Prepared"],"picked":"Blade Dance","floor":0.0},{"not_picked":["Outmaneuver","PiercingWail"],"picked":"Blur","floor":1.0},{"not_picked":["Prepared","Infinite Blades"],"picked":"Deadly Poison","floor":2.0},{"not_picked":["Slice","Sucker Punch"],"picked":"Flying Knee","floor":5.0},{"not_picked":["Tactician","Reflex"],"picked":"Dagger Spray","floor":7.0},{"not_picked":["Underhanded Strike","Eviscerate"],"picked":"Masterful Stab","floor":10.0},{"not_picked":["Unload","Expertise","Dagger Throw"],"picked":"SKIP","floor":13.0},{"not_picked":["Quick Slash","Blade Dance"],"picked":"Cloak And Dagger","floor":14.0},{"not_picked":["Grand Finale","Glass Knife"],"picked":"Wraith Form v2","floor":16.0},{"not_picked":["Cloak And Dagger","Blur"],"picked":"Noxious Fumes+1","floor":18.0},{"not_picked":["Noxious Fumes","Dagger Spray","Outmaneuver"],"picked":"SKIP","floor":24.0},{"not_picked":["Tactician","Escape Plan"],"picked":"Catalyst+1","floor":25.0},{"not_picked":["Bane","Predator","Outmaneuver"],"picked":"SKIP","floor":27.0},{"not_picked":["Flechettes","Dagger Throw","Dagger Spray+1"],"picked":"SKIP","floor":28.0},{"not_picked":["Poisoned Stab","Prepared+1"],"picked":"Footwork","floor":31.0},{"not_picked":["Phantasmal Killer","Adrenaline"],"picked":"Burst","floor":33.0},{"not_picked":["Acrobatics","Noxious Fumes","Setup"],"picked":"SKIP","floor":35.0},{"not_picked":["Slice+1","Concentrate"],"picked":"PiercingWail","floor":36.0},{"not_picked":["Masterful Stab","Cloak And Dagger","Blade Dance+1"],"picked":"SKIP","floor":40.0},{"not_picked":["Masterful Stab","Cloak And Dagger","Blade Dance+1"],"picked":"SKIP","floor":40.0},{"not_picked":["Prepared","Accuracy","Deadly Poison"],"picked":"SKIP","floor":42.0},{"not_picked":["Distraction","Heel Hook","Burst"],"picked":"Singing Bowl","floor":45},{"not_picked":["Predator","Slice"],"picked":"Cloak And Dagger+1","floor":47},{"not_picked":["Cloak And Dagger","Dagger Spray"],"picked":"Prepared+1","floor":48}],"player_experience":4674441,"relics_obtained":[{"floor":7.0,"key":"Ancient Tea Set"},{"floor":9.0,"key":"Potion Belt"},{"floor":13.0,"key":"Eternal Feather"},{"floor":20.0,"key":"Nilry\u0027s Codex"},{"floor":26.0,"key":"Meat on the Bone"},{"floor":31.0,"key":"Matryoshka"},{"floor":40.0,"key":"WingedGreaves"},{"floor":43.0,"key":"Blood Vial"},{"floor":43.0,"key":"Blue Candle"},{"floor":45,"key":"Singing Bowl"},{"floor":47,"key":"Nunchaku"},{"floor":48,"key":"Toy Ornithopter"}],"event_choices":[{"damage_healed":0.0,"max_hp_gain":0.0,"max_hp_loss":6.0,"gold_gain":0.0,"event_name":"Golden Idol","player_choice":"Lose Max HP","floor":3.0,"gold_loss":0.0,"damage_taken":0.0,"relics_obtained":["Golden Idol"]},{"damage_healed":0.0,"max_hp_gain":5.0,"max_hp_loss":0.0,"gold_gain":0.0,"event_name":"Big Fish","player_choice":"Donut","floor":4.0,"gold_loss":0.0,"damage_taken":0.0},{"damage_healed":0.0,"max_hp_gain":0.0,"max_hp_loss":0.0,"gold_gain":0.0,"event_name":"Liars Game","player_choice":"Ignored","floor":12.0,"gold_loss":0.0,"damage_taken":0.0},{"damage_healed":0.0,"max_hp_gain":0.0,"max_hp_loss":0.0,"gold_gain":0.0,"event_name":"Cursed Tome","player_choice":"Obtained Book","floor":20.0,"gold_loss":0.0,"damage_taken":21.0},{"damage_healed":0.0,"max_hp_gain":0.0,"max_hp_loss":0.0,"gold_gain":0.0,"event_name":"Forgotten Altar","player_choice":"Gave Idol","floor":21.0,"relics_lost":["Golden Idol"],"gold_loss":0.0,"damage_taken":0.0,"relics_obtained":["Bloody Idol"]},{"damage_healed":0.0,"max_hp_gain":0.0,"max_hp_loss":0.0,"gold_gain":0.0,"event_name":"Accursed Blacksmith","player_choice":"Forge","floor":22.0,"gold_loss":0.0,"damage_taken":0.0,"cards_upgraded":["Wraith Form v2"]},{"damage_healed":0.0,"max_hp_gain":0.0,"max_hp_loss":0.0,"gold_gain":0.0,"event_name":"Vampires","player_choice":"Ignored","floor":30.0,"gold_loss":0.0,"damage_taken":0.0},{"cards_removed":["Masterful Stab"],"damage_healed":0.0,"max_hp_gain":0.0,"max_hp_loss":0.0,"gold_gain":0.0,"event_name":"Falling","player_choice":"Removed Attack","floor":38.0,"gold_loss":0.0,"damage_taken":0.0},{"damage_healed":0.0,"max_hp_gain":0.0,"max_hp_loss":3.0,"gold_gain":0.0,"event_name":"Winding Halls","player_choice":"Max HP","floor":39.0,"gold_loss":0.0,"damage_taken":0.0}],"is_beta":false,"boss_relics":[{"not_picked":["Philosopher\u0027s Stone","Cursed Key"],"picked":"Runic Pyramid"},{"not_picked":["Black Star","Fusion Hammer"],"picked":"Sozu"}],"items_purged_floors":[11,19],"is_endless":false,"potions_floor_spawned":[1,2,13,16,24,25,31,36,40,42,47],"ascension_level":15}