{"gold_per_floor":[113,65,76,90,90,117,117,149,198,216,216,248,264,51,51,122,122,140,158,158,158,34,34,61,73,73,99,14,14,14,58,58,140,140,165,191,211,234,257,257,292,316,316,316,316,330,664,8,8,8],"floor_reached":51,"playtime":2858,"items_purged":["Strike_G+1","Strike_G+1"],"score":1484,"play_id":"93982d50-092e-4223-820f-873deeb300a8","local_time":"20210113221453","is_ascension_mode":true,"campfire_choices":[{"data":"Neutralize","floor":7.0,"key":"SMITH"},{"floor":11,"key":"REST"},{"data":"Deadly Poison","floor":15,"key":"SMITH"},{"data":"Noxious Fumes","floor":23,"key":"SMITH"},{"data":"Well Laid Plans","floor":29,"key":"SMITH"},{"data":"Deadly Poison","floor":32,"key":"SMITH"},{"data":"Malaise","floor":40,"key":"SMITH"},{"data":"Burst","floor":44,"key":"SMITH"},{"data":"Footwork","floor":49,"key":"SMITH"}],"neow_cost":"NONE","seed_source_timestamp":1222273987206500,"circlet_count":0,"master_deck":["AscendersBane","Strike_G+1","Strike_G+1","Strike_G+1","Defend_G+1","Defend_G+1","Defend_G+1","Defend_G+1","Defend_G+1","Survivor","Neutralize+1","Dodge and Roll","Deadly Poison+1","Dash","Well Laid Plans+1","Quick Slash","Dagger Spray","Deadly Poison+1","PiercingWail","After Image","Malaise+1","PiercingWail","Noxious Fumes+1","Die Die Die","Crippling Poison+1","Calculated Gamble+1","Tools of the Trade","Backflip","Backflip+1","Tactician+1","PiercingWail","Leg Sweep","Calculated Gamble","Burst+1","Backflip","Footwork+1"],"special_seed":0,"relics":["Ring of the Serpent","HornCleat","Toy Ornithopter","Regal Pillow","Potion Belt","Anchor","Philosopher\u0027s Stone","Ancient Tea Set","Ginger","The Courier","Pear","CeramicFish","Eternal Feather","Strawberry","Old Coin","Membership Card","Tingsha","Bottled Tornado","Happy Flower","Bottled Lightning","Bronze Scales"],"potions_floor_usage":[19,27,33,38,41,41,50,50],"damage_taken":[{"damage":1.0,"enemies":"2 Louse","floor":1.0,"turns":3.0},{"damage":0.0,"enemies":"Cultist","floor":3.0,"turns":4.0},{"damage":4.0,"enemies":"Jaw Worm","floor":4.0,"turns":4.0},{"damage":24.0,"enemies":"Gremlin Nob","floor":6.0,"turns":5.0},{"damage":13.0,"enemies":"Lagavulin","floor":8.0,"turns":11.0},{"damage":0.0,"enemies":"3 Louse","floor":10.0,"turns":3.0},{"damage":20,"enemies":"Gremlin Nob","floor":12,"turns":5},{"damage":0,"enemies":"2 Fungi Beasts","floor":13,"turns":3},{"damage":6,"enemies":"Hexaghost","floor":16,"turns":11},{"damage":7,"enemies":"3 Byrds","floor":18,"turns":6},{"damage":7,"enemies":"Spheric Guardian","floor":19,"turns":6},{"damage":0,"enemies":"Book of Stabbing","floor":24,"turns":7},{"damage":0,"enemies":"Centurion and Healer","floor":25,"turns":8},{"damage":8,"enemies":"Gremlin Leader","floor":27,"turns":6},{"damage":0,"enemies":"Book of Stabbing","floor":31,"turns":7},{"damage":6,"enemies":"Champ","floor":33,"turns":11},{"damage":0,"enemies":"3 Shapes","floor":35,"turns":4},{"damage":0,"enemies":"Orb Walker","floor":36,"turns":4},{"damage":17,"enemies":"Transient","floor":37,"turns":5},{"damage":6,"enemies":"Writhing Mass","floor":38,"turns":8},{"damage":0,"enemies":"Maw","floor":39,"turns":8},{"damage":24,"enemies":"Reptomancer","floor":41,"turns":8},{"damage":34,"enemies":"Transient","floor":42,"turns":5},{"damage":3,"enemies":"3 Darklings","floor":46,"turns":5},{"damage":0,"enemies":"Mind Bloom Boss Battle","floor":47,"turns":8},{"damage":0,"enemies":"Time Eater","floor":50,"turns":13}],"seed_played":"4864559468147248346","potions_obtained":[{"floor":0.0,"key":"EssenceOfSteel"},{"floor":0.0,"key":"LiquidMemories"},{"floor":6.0,"key":"EssenceOfSteel"},{"floor":13,"key":"CultistPotion"},{"floor":18,"key":"Energy Potion"},{"floor":27,"key":"ColorlessPotion"},{"floor":33,"key":"FairyPotion"},{"floor":36,"key":"Ancient Potion"},{"floor":38,"key":"DistilledChaos"},{"floor":42,"key":"ColorlessPotion"},{"floor":46,"key":"LiquidMemories"}],"is_trial":false,"path_per_floor":["M","$","M","M","?","E","R","E","T","M","R","E","M","$","R","B",null,"M","M","?","?","$","R","E","M","T","E","?","R","?","E","R","B",null,"M","M","M","M","M","R","E","M","T","R","?","M","?","$","R","B",null],"character_chosen":"THE_SILENT","items_purchased":["Deadly Poison","After Image","Anchor","Explosive Potion","Membership Card","Tingsha","Footwork","Bottled Tornado","Happy Flower","Bottled Lightning","Bronze Scales","Block Potion"],"campfire_rested":1,"item_purchase_floors":[2,14,14,22,48,48,48,48,48,48,48,48],"current_hp_per_floor":[58,58,58,54,54,30,30,17,17,17,51,31,31,31,31,25,56,49,47,47,47,47,47,47,47,47,44,54,54,54,54,54,53,70,70,70,53,52,52,52,38,4,11,32,32,29,29,29,50,60],"gold":8,"neow_bonus":"THREE_SMALL_POTIONS","is_prod":false,"is_daily":false,"chose_seed":false,"campfire_upgraded":8,"win_rate":0,"timestamp":1610604893,"path_taken":["M","$","M","M","?","E","R","E","T","M","R","E","M","?","R","BOSS","M","M","?","?","$","R","E","M","T","E","?","R","?","E","R","BOSS","M","M","M","M","M","R","E","M","T","R","?","M","?","$","R","BOSS"],"build_version":"2020-12-22","purchased_purges":2,"victory":true,"max_hp_per_floor":[66,66,66,66,66,66,66,66,66,66,66,66,66,66,66,66,66,66,66,66,66,66,66,66,66,66,66,76,76,76,76,76,76,76,76,76,76,76,76,76,76,76,83,83,79,79,79,79,79,79],"card_choices":[{"not_picked":["Distraction","Acrobatics"],"picked":"Dodge and Roll","floor":1.0},{"not_picked":["Noxious Fumes","Deadly Poison"],"picked":"Dash","floor":3.0},{"not_picked":["Blade Dance","Choke"],"picked":"Well Laid Plans","floor":4.0},{"not_picked":["Backflip","Bane"],"picked":"Quick Slash","floor":6.0},{"not_picked":["Deflect","Accuracy"],"picked":"Dagger Spray","floor":8.0},{"not_picked":["Deflect","Slice"],"picked":"Deadly Poison","floor":10},{"not_picked":["Flying Knee","Quick Slash","Finisher"],"picked":"SKIP","floor":12},{"not_picked":["Escape Plan","Concentrate"],"picked":"PiercingWail","floor":13},{"not_picked":["Night Terror","Phantasmal Killer"],"picked":"Malaise","floor":16},{"not_picked":["Prepared","Flying Knee"],"picked":"PiercingWail","floor":18},{"not_picked":["Dodge and Roll","Backflip"],"picked":"Noxious Fumes","floor":19},{"not_picked":["Calculated Gamble","Prepared"],"picked":"Die Die Die","floor":24},{"not_picked":["Dagger Spray+1","Prepared","Flechettes"],"picked":"SKIP","floor":25},{"not_picked":["Deadly Poison","Flying Knee"],"picked":"Crippling Poison+1","floor":27},{"not_picked":["Leg Sweep","Storm of Steel"],"picked":"Calculated Gamble+1","floor":31},{"not_picked":["Storm of Steel","Doppelganger"],"picked":"Tools of the Trade","floor":33},{"not_picked":["Leg Sweep","Dagger Throw"],"picked":"Backflip","floor":35},{"not_picked":["Finisher","PiercingWail"],"picked":"Backflip+1","floor":36},{"not_picked":["Infinite Blades","Well Laid Plans"],"picked":"Tactician+1","floor":37},{"not_picked":["Poisoned Stab","Quick Slash"],"picked":"PiercingWail","floor":38},{"not_picked":["Expertise+1","Slice"],"picked":"Leg Sweep","floor":39},{"not_picked":["Flying Knee+1","Dagger Throw"],"picked":"Calculated Gamble","floor":41},{"not_picked":["Eviscerate+1","Acrobatics+1"],"picked":"Burst","floor":42},{"not_picked":["Well Laid Plans","Quick Slash","Calculated Gamble"],"picked":"SKIP","floor":46},{"not_picked":["Flying Knee","Prepared+1"],"picked":"Backflip","floor":47}],"player_experience":4690599,"relics_obtained":[{"floor":6.0,"key":"HornCleat"},{"floor":8.0,"key":"Toy Ornithopter"},{"floor":9.0,"key":"Regal Pillow"},{"floor":12,"key":"Potion Belt"},{"floor":24,"key":"Ancient Tea Set"},{"floor":26,"key":"Ginger"},{"floor":27,"key":"The Courier"},{"floor":31,"key":"CeramicFish"},{"floor":41,"key":"Eternal Feather"},{"floor":43,"key":"Strawberry"},{"floor":47,"key":"Old Coin"}],"event_choices":[{"damage_healed":0.0,"max_hp_gain":0.0,"max_hp_loss":0.0,"gold_gain":0.0,"event_name":"FaceTrader","player_choice":"Leave","floor":5.0,"gold_loss":0.0,"damage_taken":0.0},{"damage_healed":0,"gold_gain":0,"player_choice":"Ignored","damage_taken":0,"max_hp_gain":0,"max_hp_loss":0,"event_name":"Ghosts","floor":20,"gold_loss":0},{"damage_healed":0,"gold_gain":0,"player_choice":"Simplicity","damage_taken":0,"max_hp_gain":0,"max_hp_loss":0,"event_name":"Back to Basics","floor":21,"gold_loss":0,"cards_upgraded":["Strike_G","Strike_G","Strike_G","Strike_G","Strike_G","Defend_G","Defend_G","Defend_G","Defend_G","Defend_G"]},{"damage_healed":0,"gold_gain":0,"player_choice":"Obtained Relic","damage_taken":0,"relics_obtained":["Pear"],"max_hp_gain":0,"max_hp_loss":0,"event_name":"Addict","floor":28,"gold_loss":85},{"damage_healed":0,"gold_gain":0,"player_choice":"Ignored","damage_taken":0,"max_hp_gain":0,"max_hp_loss":0,"event_name":"Cursed Tome","floor":30,"gold_loss":0},{"damage_healed":0,"gold_gain":0,"player_choice":"Max HP","damage_taken":0,"max_hp_gain":0,"max_hp_loss":4,"event_name":"Winding Halls","floor":45,"gold_loss":0},{"damage_healed":0,"gold_gain":0,"player_choice":"Fight","damage_taken":0,"max_hp_gain":0,"max_hp_loss":0,"event_name":"MindBloom","floor":47,"gold_loss":0}],"is_beta":false,"boss_relics":[{"not_picked":["Tiny House","Ectoplasm"],"picked":"Philosopher\u0027s Stone"},{"not_picked":["Sozu","Runic Dome"],"picked":"Ring of the Serpent"}],"items_purged_floors":[22,48],"is_endless":false,"potions_floor_spawned":[6,13,18,27,33,36,38,42,46],"ascension_level":15}