{"gold_per_floor":[118,118,84,94,109,144,144,154,154,154,154,154,189,202,202,279,279,289,303,303,320,93,93,121,138,207,227,254,84,134,160,160,238,238,251,251,296,306,1,29,61,87,87,87,100,133,152,162,162,162],"floor_reached":51,"playtime":2623,"items_purged":["Bite","Bite"],"score":1580,"play_id":"5a4da0d7-9512-4860-a2df-dca3ec655b59","local_time":"20210109110614","is_ascension_mode":true,"campfire_choices":[{"data":"Neutralize","floor":7.0,"key":"SMITH"},{"data":"All Out Attack","floor":10.0,"key":"SMITH"},{"data":"Noxious Fumes","floor":15.0,"key":"SMITH"},{"floor":23.0,"key":"REST"},{"floor":32.0,"key":"REST"},{"floor":44.0,"key":"REST"},{"floor":49.0,"key":"REST"}],"neow_cost":"NONE","seed_source_timestamp":836218857056700,"circlet_count":0,"master_deck":["AscendersBane","Defend_G","Defend_G","Defend_G","Defend_G","Defend_G+1","Survivor+1","Neutralize+1","Blade Dance+1","All Out Attack+1","Well Laid Plans","Deadly Poison","Blade Dance","Crippling Poison","Predator","Noxious Fumes+1","Venomology","Quick Slash","Backstab","Bite","Bite","Bite","Corpse Explosion","Calculated Gamble","Die Die Die","Wraith Form v2","Escape Plan","Burst","Sucker Punch+1","Bandage Up","PanicButton","Backflip","PiercingWail","Catalyst","Calculated Gamble","Dodge and Roll+1","Crippling Poison+1","Backflip","Cloak And Dagger","Dash+1","Dodge and Roll"],"special_seed":0,"relics":["Ring of the Snake","Bag of Marbles","Bottled Lightning","WingedGreaves","Fusion Hammer","HandDrill","Ginger","InkBottle","War Paint","Toy Ornithopter","Cursed Key","Lizard Tail","Ninja Scroll","Dream Catcher","Prayer Wheel","Akabeko","Question Card"],"potions_floor_usage":[50,50],"damage_taken":[{"damage":0.0,"enemies":"Small Slimes","floor":1.0,"turns":4.0},{"damage":1.0,"enemies":"Cultist","floor":4.0,"turns":3.0},{"damage":1.0,"enemies":"2 Louse","floor":5.0,"turns":3.0},{"damage":17.0,"enemies":"Lagavulin","floor":6.0,"turns":5.0},{"damage":6.0,"enemies":"Looter","floor":8.0,"turns":2.0},{"damage":12.0,"enemies":"3 Sentries","floor":13.0,"turns":4.0},{"damage":6.0,"enemies":"Exordium Thugs","floor":14.0,"turns":4.0},{"damage":20.0,"enemies":"Slime Boss","floor":16.0,"turns":8.0},{"damage":3.0,"enemies":"Spheric Guardian","floor":18.0,"turns":3.0},{"damage":1.0,"enemies":"2 Thieves","floor":19.0,"turns":3.0},{"damage":24.0,"enemies":"Shelled Parasite and Fungi","floor":21.0,"turns":3.0},{"damage":0.0,"enemies":"Gremlin Leader","floor":24.0,"turns":6.0},{"damage":21.0,"enemies":"Cultist and Chosen","floor":25.0,"turns":6.0},{"damage":0.0,"enemies":"Snake Plant","floor":27.0,"turns":2.0},{"damage":0.0,"enemies":"Slavers","floor":28.0,"turns":1.0},{"damage":10.0,"enemies":"Book of Stabbing","floor":31.0,"turns":5.0},{"damage":45.0,"enemies":"Collector","floor":33.0,"turns":10.0},{"damage":1.0,"enemies":"3 Shapes","floor":35.0,"turns":3.0},{"damage":6.0,"enemies":"2 Orb Walkers","floor":37.0,"turns":2.0},{"damage":0.0,"enemies":"3 Darklings","floor":38.0,"turns":2.0},{"damage":4.0,"enemies":"Nemesis","floor":40.0,"turns":7.0},{"damage":22.0,"enemies":"Giant Head","floor":41.0,"turns":7.0},{"damage":23.0,"enemies":"Reptomancer","floor":42.0,"turns":7.0},{"damage":0.0,"enemies":"Sphere and 2 Shapes","floor":45.0,"turns":3.0},{"damage":11.0,"enemies":"Nemesis","floor":46.0,"turns":8.0},{"damage":6.0,"enemies":"Transient","floor":47.0,"turns":5.0},{"damage":0.0,"enemies":"4 Shapes","floor":48.0,"turns":4.0},{"damage":74,"enemies":"Time Eater","floor":50,"turns":8}],"seed_played":"1183937130136329878","potions_obtained":[{"floor":0.0,"key":"FearPotion"},{"floor":0.0,"key":"SteroidPotion"},{"floor":14.0,"key":"SkillPotion"},{"floor":16.0,"key":"Strength Potion"},{"floor":28.0,"key":"Dexterity Potion"},{"floor":33.0,"key":"SteroidPotion"},{"floor":37.0,"key":"Regen Potion"},{"floor":41.0,"key":"Poison Potion"},{"floor":47.0,"key":"Weak Potion"},{"floor":48.0,"key":"DuplicationPotion"}],"is_trial":false,"path_per_floor":["M","?","$","M","M","E","R","M","T","R","?","?","E","M","R","B",null,"M","M","?","M","$","R","E","M","T","M","E","$","?","E","R","B",null,"M","?","?","M","$","E","E","E","T","R","M","E","M","M","R","B",null],"character_chosen":"THE_SILENT","items_purchased":["All Out Attack","HandDrill","Wraith Form v2","PiercingWail","Ninja Scroll"],"campfire_rested":4,"item_purchase_floors":[3,22,29,39,39],"current_hp_per_floor":[59,59,59,58,57,40,40,34,34,34,39,39,27,21,21,1,54,51,50,49,29,29,43,49,38,38,44,44,44,44,38,49,18,41,42,32,39,45,45,49,49,36,36,49,49,46,49,49,49,14],"gold":162,"neow_bonus":"THREE_SMALL_POTIONS","is_prod":false,"is_daily":false,"chose_seed":false,"campfire_upgraded":3,"win_rate":0,"timestamp":1610219174,"path_taken":["M","?","$","M","M","E","R","?","T","R","?","?","E","?","R","BOSS","M","M","?","M","$","R","E","M","T","M","E","$","?","E","R","BOSS","M","?","?","M","$","E","E","E","T","R","M","E","M","M","R","BOSS"],"build_version":"2020-12-22","purchased_purges":2,"victory":true,"max_hp_per_floor":[66,66,66,66,66,66,66,66,66,66,71,71,71,71,71,71,71,71,71,49,49,49,49,49,49,49,49,49,49,49,49,49,49,49,49,49,49,49,49,49,49,49,49,49,49,49,49,49,49,49],"card_choices":[{"not_picked":["Well Laid Plans","Dodge and Roll"],"picked":"Blade Dance","floor":1.0},{"not_picked":["Sucker Punch","Bane"],"picked":"Well Laid Plans","floor":4.0},{"not_picked":["Underhanded Strike","Slice"],"picked":"Deadly Poison","floor":5.0},{"not_picked":["Slice","Skewer"],"picked":"Blade Dance","floor":6.0},{"not_picked":["Poisoned Stab","Burst"],"picked":"Crippling Poison","floor":8.0},{"not_picked":["Eviscerate","Prepared"],"picked":"Predator","floor":13.0},{"not_picked":["Poisoned Stab","Backflip"],"picked":"Noxious Fumes","floor":14.0},{"not_picked":["Phantasmal Killer","Doppelganger"],"picked":"Venomology","floor":16.0},{"not_picked":["Bane","Flying Knee"],"picked":"Quick Slash","floor":18.0},{"not_picked":["Poisoned Stab","Sucker Punch+1"],"picked":"Backstab","floor":19.0},{"not_picked":["Reflex","Dagger Spray","Backstab"],"picked":"SKIP","floor":21.0},{"not_picked":["Sucker Punch","Underhanded Strike"],"picked":"Corpse Explosion","floor":24.0},{"not_picked":["Infinite Blades","Outmaneuver","Setup"],"picked":"SKIP","floor":25.0},{"not_picked":["Underhanded Strike+1","Riddle With Holes"],"picked":"Calculated Gamble","floor":27.0},{"not_picked":["All Out Attack","Riddle With Holes"],"picked":"Die Die Die","floor":28.0},{"not_picked":["Infinite Blades","Underhanded Strike"],"picked":"Escape Plan","floor":31.0},{"not_picked":["Die Die Die","Doppelganger"],"picked":"Burst","floor":33.0},{"not_picked":["Outmaneuver","Blade Dance"],"picked":"Sucker Punch+1","floor":35.0},{"not_picked":["Swift Strike","Discovery"],"picked":"Bandage Up","floor":36.0},{"not_picked":["Mind Blast","Dramatic Entrance"],"picked":"PanicButton","floor":36.0},{"not_picked":["Calculated Gamble","Endless Agony"],"picked":"Backflip","floor":37.0},{"not_picked":["Concentrate+1","Slice","Underhanded Strike"],"picked":"SKIP","floor":38.0},{"not_picked":["Bane+1","Blade Dance"],"picked":"Catalyst","floor":40.0},{"not_picked":["Sucker Punch","Reflex","Outmaneuver"],"picked":"SKIP","floor":41.0},{"not_picked":["Sucker Punch","Quick Slash","Storm of Steel"],"picked":"SKIP","floor":42.0},{"not_picked":["Quick Slash","Infinite Blades"],"picked":"Calculated Gamble","floor":44.0},{"not_picked":["Calculated Gamble+1","Poisoned Stab"],"picked":"Dodge and Roll+1","floor":45.0},{"not_picked":["Riddle With Holes","Underhanded Strike","Dagger Spray"],"picked":"SKIP","floor":45.0},{"not_picked":["Blade Dance","Masterful Stab"],"picked":"Crippling Poison+1","floor":46.0},{"not_picked":["Bane+1","Cloak And Dagger","Terror"],"picked":"Backflip","floor":47.0},{"not_picked":["Slice","Venomology","Dagger Spray"],"picked":"Cloak And Dagger","floor":47.0},{"not_picked":["Deflect","Burst","Acrobatics"],"picked":"Dash+1","floor":48.0},{"not_picked":["Bane","Prepared","Escape Plan","Flying Knee"],"picked":"SKIP","floor":48.0},{"not_picked":["Blade Dance+1","Deadly Poison","Quick Slash+1"],"picked":"Dodge and Roll","floor":49.0}],"player_experience":4681106,"relics_obtained":[{"floor":6.0,"key":"Bag of Marbles"},{"floor":9.0,"key":"Bottled Lightning"},{"floor":13.0,"key":"WingedGreaves"},{"floor":24.0,"key":"Ginger"},{"floor":26.0,"key":"InkBottle"},{"floor":28.0,"key":"War Paint"},{"floor":31.0,"key":"Toy Ornithopter"},{"floor":37.0,"key":"Lizard Tail"},{"floor":40.0,"key":"Dream Catcher"},{"floor":41.0,"key":"Prayer Wheel"},{"floor":42.0,"key":"Akabeko"},{"floor":46.0,"key":"Question Card"}],"event_choices":[{"damage_healed":0.0,"max_hp_gain":0.0,"max_hp_loss":0.0,"gold_gain":0.0,"event_name":"Upgrade Shrine","player_choice":"Upgraded","floor":2.0,"gold_loss":0.0,"damage_taken":0.0,"cards_upgraded":["Blade Dance"]},{"damage_healed":0.0,"max_hp_gain":5.0,"max_hp_loss":0.0,"gold_gain":0.0,"event_name":"Big Fish","player_choice":"Donut","floor":11.0,"gold_loss":0.0,"damage_taken":0.0},{"cards_removed":["Strike_G"],"damage_healed":0.0,"max_hp_gain":0.0,"max_hp_loss":0.0,"gold_gain":0.0,"event_name":"Bonfire Elementals","player_choice":"Offered Basic","floor":12.0,"gold_loss":0.0,"damage_taken":0.0},{"damage_healed":0.0,"max_hp_gain":0.0,"max_hp_loss":22.0,"gold_gain":0.0,"event_name":"Vampires","player_choice":"Became a vampire","floor":20.0,"gold_loss":0.0,"damage_taken":0.0,"cards_obtained":["Bite","Bite","Bite","Bite","Bite"]},{"damage_healed":0.0,"max_hp_gain":0.0,"max_hp_loss":0.0,"gold_gain":100.0,"event_name":"The Joust","player_choice":"Bet on Murderer","floor":30.0,"gold_loss":50.0,"damage_taken":0.0},{"damage_healed":0.0,"max_hp_gain":0.0,"max_hp_loss":0.0,"gold_gain":0.0,"event_name":"SensoryStone","player_choice":"Memory 3","floor":36.0,"gold_loss":0.0,"damage_taken":10.0},{"damage_healed":0.0,"max_hp_gain":0.0,"max_hp_loss":0.0,"gold_gain":0.0,"event_name":"Mysterious Sphere","player_choice":"Fight","floor":37.0,"gold_loss":0.0,"damage_taken":0.0}],"is_beta":false,"boss_relics":[{"not_picked":["Runic Dome","Calling Bell"],"picked":"Fusion Hammer"},{"not_picked":["Empty Cage","Busted Crown"],"picked":"Cursed Key"}],"items_purged_floors":[22,29],"is_endless":false,"potions_floor_spawned":[4,5,14,16,25,28,33,37,40,41,47,48],"ascension_level":15}