{"gold_per_floor":[113,130,8,8,8,8,38,38,38,38,53,70,102,27,27,101,101,121,36,36,51,66,66,13,13,13,41,41,70,83,108,108,182,232,248,267,27,43,59,88,0,29,75,100,100,113,133,159,159,159],"floor_reached":51,"playtime":2554,"items_purged":[],"score":1602,"play_id":"6a5125b2-f138-4e4e-8bee-5f50705015ae","local_time":"20210127182629","is_ascension_mode":true,"campfire_choices":[{"data":"Noxious Fumes","floor":6.0,"key":"SMITH"},{"data":"Deadly Poison","floor":8.0,"key":"SMITH"},{"data":"Neutralize","floor":15.0,"key":"SMITH"},{"data":"Die Die Die","floor":23.0,"key":"SMITH"},{"data":"Malaise","floor":28.0,"key":"SMITH"},{"data":"Crippling Poison","floor":32.0,"key":"SMITH"},{"data":"Cloak And Dagger","floor":45,"key":"SMITH"},{"data":"Survivor","floor":49,"key":"SMITH"}],"neow_cost":"NONE","seed_source_timestamp":0,"circlet_count":0,"master_deck":["AscendersBane","Strike_G","Strike_G+1","Strike_G+1","Defend_G+1","Defend_G","Defend_G","Defend_G","Defend_G","Survivor+1","Neutralize+1","Crippling Poison+1","Noxious Fumes+1","Deadly Poison+1","Poisoned Stab","Die Die Die+1","Malaise+1","Backstab","Reflex","Dash","Cloak And Dagger+1","Cloak And Dagger+1","Cloak And Dagger+1","Night Terror+1","Dodge and Roll+1","Leg Sweep+1","Distraction+1","Dodge and Roll+1","Choke+1","Acrobatics+1","Adrenaline+1","Deadly Poison+1","Parasite","Bouncing Flask+1","Blade Dance+1","Adrenaline+1"],"special_seed":0,"relics":["Ring of the Snake","NeowsBlessing","MealTicket","Nunchaku","Meat on the Bone","Mango","Coffee Dripper","Dead Branch","Art of War","HornCleat","The Specimen","Toxic Egg 2","Whetstone","Tiny House","Letter Opener","Akabeko","Red Mask","Gremlin Horn","Bag of Preparation","Dream Catcher","Blood Vial"],"potions_floor_usage":[33,39,40,50,50],"damage_taken":[{"damage":0.0,"enemies":"Jaw Worm","floor":1.0,"turns":1.0},{"damage":0.0,"enemies":"Cultist","floor":2.0,"turns":1.0},{"damage":0.0,"enemies":"Gremlin Nob","floor":7.0,"turns":1.0},{"damage":0.0,"enemies":"2 Louse","floor":11.0,"turns":4.0},{"damage":15.0,"enemies":"Exordium Thugs","floor":12.0,"turns":4.0},{"damage":29.0,"enemies":"Lagavulin","floor":13.0,"turns":6.0},{"damage":28.0,"enemies":"Slime Boss","floor":16.0,"turns":8.0},{"damage":5.0,"enemies":"Chosen","floor":18.0,"turns":5.0},{"damage":5.0,"enemies":"Shell Parasite","floor":21.0,"turns":5.0},{"damage":9.0,"enemies":"Snecko","floor":22.0,"turns":4.0},{"damage":33.0,"enemies":"Slavers","floor":27.0,"turns":6.0},{"damage":5.0,"enemies":"Book of Stabbing","floor":29.0,"turns":5.0},{"damage":0.0,"enemies":"3 Cultists","floor":30.0,"turns":4.0},{"damage":0.0,"enemies":"Gremlin Leader","floor":31.0,"turns":5.0},{"damage":27,"enemies":"Automaton","floor":33,"turns":8},{"damage":0,"enemies":"Orb Walker","floor":35,"turns":4},{"damage":0,"enemies":"3 Darklings","floor":36,"turns":3},{"damage":3,"enemies":"Spire Growth","floor":38,"turns":6},{"damage":0,"enemies":"Jaw Worm Horde","floor":39,"turns":3},{"damage":4,"enemies":"Nemesis","floor":40,"turns":9},{"damage":8,"enemies":"Reptomancer","floor":42,"turns":7},{"damage":0,"enemies":"Nemesis","floor":44,"turns":7},{"damage":8,"enemies":"Writhing Mass","floor":46,"turns":7},{"damage":0,"enemies":"Transient","floor":47,"turns":5},{"damage":6,"enemies":"Reptomancer","floor":48,"turns":4},{"damage":21,"enemies":"Awakened One","floor":50,"turns":13}],"seed_played":"3824575180024703291","potions_obtained":[{"floor":2.0,"key":"Poison Potion"},{"floor":18.0,"key":"FearPotion"},{"floor":27.0,"key":"FairyPotion"},{"floor":29.0,"key":"DistilledChaos"},{"floor":33,"key":"EssenceOfSteel"},{"floor":39,"key":"Energy Potion"},{"floor":42,"key":"LiquidBronze"}],"is_trial":false,"path_per_floor":["M","M","$","?","?","R","E","R","T","$","M","M","E","?","R","B",null,"M","?","?","M","M","R","?","$","T","E","R","E","M","E","R","B",null,"M","M","$","M","M","E","?","E","T","E","R","M","M","E","R","B",null],"character_chosen":"THE_SILENT","items_purchased":["Noxious Fumes","PowerPotion","Letter Opener"],"campfire_rested":0,"item_purchase_floors":[3,3,37],"current_hp_per_floor":[59,59,59,59,33,33,33,33,33,48,48,45,42,42,42,26,67,62,62,62,57,48,48,48,63,63,42,42,49,49,49,49,34,74,74,74,85,82,82,78,78,70,70,70,70,62,62,56,56,49],"gold":159,"neow_bonus":"THREE_ENEMY_KILL","is_prod":false,"is_daily":false,"chose_seed":false,"campfire_upgraded":8,"win_rate":0,"timestamp":1611800789,"path_taken":["M","M","$","?","?","R","E","R","T","$","M","M","E","?","R","BOSS","M","?","?","?","M","R","?","$","T","E","R","E","M","E","R","BOSS","M","M","$","M","M","E","?","E","T","E","R","M","M","E","R","BOSS"],"build_version":"2020-12-22","purchased_purges":0,"victory":true,"max_hp_per_floor":[66,66,66,66,66,66,66,66,66,66,66,66,80,80,80,80,80,80,80,80,80,80,80,80,80,80,80,80,80,80,80,80,80,85,85,85,85,85,85,85,85,85,85,85,85,85,85,85,85,85],"card_choices":[{"not_picked":["Dodge and Roll","Quick Slash"],"picked":"Crippling Poison","floor":1.0},{"not_picked":["Choke","Underhanded Strike","Acrobatics"],"picked":"SKIP","floor":2.0},{"not_picked":["Bane","Dodge and Roll"],"picked":"Deadly Poison","floor":7.0},{"not_picked":["Underhanded Strike","Deflect"],"picked":"Poisoned Stab","floor":11.0},{"not_picked":["Endless Agony","Crippling Poison"],"picked":"Die Die Die","floor":12.0},{"not_picked":["Terror","Distraction","A Thousand Cuts"],"picked":"SKIP","floor":13.0},{"not_picked":["Doppelganger","Bullet Time"],"picked":"Malaise","floor":16.0},{"not_picked":["Dagger Spray","Infinite Blades"],"picked":"Backstab","floor":18.0},{"not_picked":["Outmaneuver","Blade Dance"],"picked":"Dash","floor":21.0},{"not_picked":["Flying Knee","Underhanded Strike"],"picked":"Cloak And Dagger","floor":22.0},{"not_picked":["Reflex","Choke","All Out Attack"],"picked":"SKIP","floor":27.0},{"not_picked":["Finisher","Accuracy"],"picked":"Cloak And Dagger+1","floor":29.0},{"not_picked":["Blade Dance+1","Eviscerate"],"picked":"Cloak And Dagger+1","floor":30.0},{"not_picked":["Tactician+1","Eviscerate","Riddle With Holes"],"picked":"SKIP","floor":31.0},{"not_picked":["A Thousand Cuts","Corpse Explosion+1"],"picked":"Night Terror+1","floor":33},{"not_picked":["Crippling Poison+1","Dagger Throw+1"],"picked":"Dodge and Roll+1","floor":34},{"not_picked":["Dodge and Roll+1","Backflip+1"],"picked":"Leg Sweep+1","floor":35},{"not_picked":["Flechettes","Setup+1"],"picked":"Distraction+1","floor":36},{"not_picked":["Acrobatics+1","Tactician+1"],"picked":"Dodge and Roll+1","floor":38},{"not_picked":["Unload","Underhanded Strike"],"picked":"Choke+1","floor":39},{"not_picked":["Dagger Throw+1","Underhanded Strike"],"picked":"Acrobatics+1","floor":40},{"not_picked":["Masterful Stab","Deadly Poison+1"],"picked":"Adrenaline+1","floor":42},{"not_picked":["Dagger Throw+1","Noxious Fumes+1"],"picked":"Deadly Poison+1","floor":44},{"not_picked":["Bane","Phantasmal Killer+1"],"picked":"Bouncing Flask+1","floor":46},{"not_picked":["Setup+1","Bane"],"picked":"Blade Dance+1","floor":47},{"not_picked":["Dagger Spray","Calculated Gamble+1"],"picked":"Adrenaline+1","floor":48}],"player_experience":4713028,"relics_obtained":[{"floor":7.0,"key":"Nunchaku"},{"floor":9.0,"key":"Meat on the Bone"},{"floor":13.0,"key":"Mango"},{"floor":26.0,"key":"HornCleat"},{"floor":27.0,"key":"The Specimen"},{"floor":29.0,"key":"Toxic Egg 2"},{"floor":31.0,"key":"Whetstone"},{"floor":40,"key":"Akabeko"},{"floor":42,"key":"Gremlin Horn"},{"floor":43,"key":"Bag of Preparation"},{"floor":44,"key":"Dream Catcher"},{"floor":48,"key":"Blood Vial"}],"event_choices":[{"damage_healed":0.0,"max_hp_gain":0.0,"max_hp_loss":0.0,"gold_gain":0.0,"event_name":"Liars Game","player_choice":"Ignored","floor":4.0,"gold_loss":0.0,"damage_taken":0.0},{"damage_healed":0.0,"max_hp_gain":0.0,"max_hp_loss":0.0,"gold_gain":0.0,"event_name":"Scrap Ooze","player_choice":"Success","floor":5.0,"gold_loss":0.0,"damage_taken":26.0,"relics_obtained":["MealTicket"]},{"cards_removed":["Strike_G"],"damage_healed":0.0,"max_hp_gain":0.0,"max_hp_loss":0.0,"gold_gain":0.0,"event_name":"The Cleric","player_choice":"Card Removal","floor":14.0,"gold_loss":75.0,"damage_taken":0.0},{"damage_healed":0.0,"max_hp_gain":0.0,"max_hp_loss":0.0,"gold_gain":0.0,"event_name":"Addict","player_choice":"Obtained Relic","floor":19.0,"gold_loss":85.0,"damage_taken":0.0,"relics_obtained":["Dead Branch"]},{"damage_healed":0.0,"max_hp_gain":0.0,"max_hp_loss":0.0,"gold_gain":0.0,"cards_transformed":["Strike_G"],"event_name":"Transmorgrifier","player_choice":"Transformed","floor":20.0,"gold_loss":0.0,"damage_taken":0.0,"cards_obtained":["Reflex"]},{"damage_healed":0.0,"max_hp_gain":0.0,"max_hp_loss":0.0,"gold_gain":0.0,"event_name":"WeMeetAgain","player_choice":"Paid Gold","floor":24.0,"gold_loss":53.0,"damage_taken":0.0,"relics_obtained":["Art of War"]},{"damage_healed":0,"gold_gain":0,"player_choice":"Paid","damage_taken":0,"relics_obtained":["Red Mask"],"max_hp_gain":0,"max_hp_loss":0,"event_name":"Tomb of Lord Red Mask","floor":41,"gold_loss":88}],"is_beta":false,"boss_relics":[{"not_picked":["SacredBark","Empty Cage"],"picked":"Coffee Dripper"},{"not_picked":["Fusion Hammer","Busted Crown"],"picked":"Tiny House"}],"items_purged_floors":[],"is_endless":false,"potions_floor_spawned":[2,7,13,18,27,29,33,36,39,42,47],"ascension_level":15}