{"gold_per_floor":[214,229,247,247,22,48,48,66,66,394,319,13,29,56,56,130,130,140,31,41,41,56,87,102,135,183,200,226,35,35,46,46,122,122,137,148,49,61,75,102,102,136,162,162,197,255,280,133,133,133],"floor_reached":51,"playtime":3307,"items_purged":["Strike_G","Strike_G","Decay","Strike_G"],"score":1885,"play_id":"0d9d1031-ea6c-4558-b0c6-4347fea02ed7","local_time":"20210122180429","is_ascension_mode":true,"campfire_choices":[{"floor":7.0,"key":"REST"},{"data":"Crippling Poison","floor":15,"key":"SMITH"},{"data":"Burst","floor":30,"key":"SMITH"},{"data":"Deadly Poison","floor":32,"key":"SMITH"},{"data":"After Image","floor":41,"key":"SMITH"},{"data":"Dodge and Roll","floor":44,"key":"SMITH"},{"data":"Venomology","floor":49,"key":"SMITH"}],"neow_cost":"NONE","seed_source_timestamp":723773152371900,"circlet_count":0,"master_deck":["AscendersBane","Strike_G+1","Defend_G","Defend_G","Defend_G","Defend_G","Defend_G","Survivor","Neutralize","Flying Knee","Crippling Poison+1","Poisoned Stab","Dodge and Roll+1","After Image+1","Calculated Gamble+1","Noxious Fumes+1","Malaise+1","Predator","Glass Knife+1","Burst+1","Blur+1","Caltrops+1","Well Laid Plans+1","Deadly Poison+1","PiercingWail","Backflip","Backstab","Leg Sweep","Die Die Die","Prepared+1","Backflip+1","Venomology+1"],"special_seed":0,"relics":["Ring of the Snake","Ornamental Fan","Membership Card","Oddly Smooth Stone","Bag of Preparation","Frozen Egg 2","Old Coin","Lantern","War Paint","Bird Faced Urn","Coffee Dripper","Snake Skull","Thread and Needle","Potion Belt","Bronze Scales","Happy Flower","Black Star","CeramicFish","Bag of Marbles","Dead Branch","Bottled Tornado","Whetstone","Vajra","Omamori","Shovel","Art of War","InkBottle","Centennial Puzzle"],"potions_floor_usage":[10,23,33,33,42,46,47,50,50,50],"damage_taken":[{"damage":2.0,"enemies":"Cultist","floor":1.0,"turns":5.0},{"damage":4.0,"enemies":"Jaw Worm","floor":2.0,"turns":5.0},{"damage":1.0,"enemies":"Small Slimes","floor":3.0,"turns":4.0},{"damage":24.0,"enemies":"3 Sentries","floor":6.0,"turns":13.0},{"damage":0.0,"enemies":"3 Louse","floor":8.0,"turns":4.0},{"damage":10,"enemies":"Gremlin Nob","floor":10,"turns":4},{"damage":0,"enemies":"Looter","floor":13,"turns":4},{"damage":0,"enemies":"Lagavulin","floor":14,"turns":7},{"damage":0,"enemies":"Hexaghost","floor":16,"turns":8},{"damage":0,"enemies":"Chosen","floor":18,"turns":5},{"damage":0,"enemies":"3 Byrds","floor":20,"turns":2},{"damage":2,"enemies":"Snake Plant","floor":22,"turns":4},{"damage":13,"enemies":"Book of Stabbing","floor":23,"turns":6},{"damage":0,"enemies":"Chosen and Byrds","floor":24,"turns":5},{"damage":0,"enemies":"Gremlin Leader","floor":25,"turns":7},{"damage":0,"enemies":"3 Cultists","floor":27,"turns":5},{"damage":0,"enemies":"Book of Stabbing","floor":28,"turns":5},{"damage":0,"enemies":"Centurion and Healer","floor":31,"turns":6},{"damage":1,"enemies":"Collector","floor":33,"turns":8},{"damage":0,"enemies":"3 Shapes","floor":35,"turns":4},{"damage":2,"enemies":"3 Darklings","floor":36,"turns":5},{"damage":0,"enemies":"4 Shapes","floor":38,"turns":4},{"damage":0,"enemies":"Writhing Mass","floor":39,"turns":7},{"damage":15,"enemies":"Reptomancer","floor":40,"turns":8},{"damage":15,"enemies":"Giant Head","floor":42,"turns":9},{"damage":0,"enemies":"Nemesis","floor":45,"turns":7},{"damage":0,"enemies":"2 Orb Walkers","floor":46,"turns":5},{"damage":0,"enemies":"Giant Head","floor":47,"turns":8},{"damage":0,"enemies":"Donu and Deca","floor":50,"turns":8}],"seed_played":"-5996205322832030970","potions_obtained":[{"floor":3.0,"key":"Strength Potion"},{"floor":8.0,"key":"EssenceOfSteel"},{"floor":10,"key":"ColorlessPotion"},{"floor":14,"key":"Fire Potion"},{"floor":22,"key":"Block Potion"},{"floor":23,"key":"GamblersBrew"},{"floor":27,"key":"Dexterity Potion"},{"floor":31,"key":"DistilledChaos"},{"floor":42,"key":"LiquidBronze"},{"floor":45,"key":"EssenceOfSteel"},{"floor":46,"key":"Poison Potion"}],"is_trial":false,"path_per_floor":["M","M","M","T","$","E","R","M","T","E","?","$","M","E","R","B",null,"M","$","M","?","M","E","M","E","T","M","E","$","R","M","R","B",null,"M","M","$","M","M","E","R","E","T","R","E","?","E","$","R","B",null],"character_chosen":"THE_SILENT","items_purchased":["Membership Card","Oddly Smooth Stone","Noxious Fumes+1","Lantern","Malaise","War Paint","Snake Skull","Caltrops+1","Dexterity Potion","Happy Flower","Backstab","LiquidBronze","Centennial Puzzle"],"campfire_rested":1,"item_purchase_floors":[5,5,12,12,12,12,19,19,29,29,29,37,48],"current_hp_per_floor":[57,53,52,52,52,28,47,47,47,37,37,37,37,37,37,41,60,64,64,66,66,65,55,63,66,66,66,66,66,66,66,66,66,66,66,66,66,66,66,52,52,45,45,45,53,63,66,66,66,66],"gold":133,"neow_bonus":"HUNDRED_GOLD","is_prod":false,"is_daily":false,"chose_seed":false,"campfire_upgraded":6,"win_rate":0,"timestamp":1611367469,"path_taken":["M","M","M","?","$","E","R","?","T","E","?","$","M","E","R","BOSS","M","$","M","?","M","E","M","E","T","M","E","$","R","M","R","BOSS","M","?","$","M","M","E","R","E","T","R","E","?","E","$","R","BOSS"],"build_version":"2020-12-22","purchased_purges":4,"victory":true,"max_hp_per_floor":[66,66,66,66,66,66,66,66,66,66,66,66,66,66,66,66,66,66,66,66,66,66,66,66,66,66,66,66,66,66,66,66,66,66,66,66,66,66,66,66,66,66,66,66,66,66,66,66,66,66],"card_choices":[{"not_picked":["Cloak And Dagger","Acrobatics"],"picked":"Flying Knee","floor":1.0},{"not_picked":["Flying Knee","Slice"],"picked":"Crippling Poison","floor":2.0},{"not_picked":["Underhanded Strike","Sucker Punch"],"picked":"Poisoned Stab","floor":3.0},{"not_picked":["Blur","Concentrate"],"picked":"Dodge and Roll","floor":6.0},{"not_picked":["Leg Sweep","PiercingWail"],"picked":"After Image","floor":8.0},{"not_picked":["Masterful Stab","Dagger Throw"],"picked":"Calculated Gamble","floor":10},{"not_picked":["Underhanded Strike","Quick Slash"],"picked":"Predator","floor":13},{"not_picked":["Flechettes","Bullet Time"],"picked":"Glass Knife","floor":14},{"not_picked":["Glass Knife","A Thousand Cuts+1"],"picked":"Burst","floor":16},{"not_picked":["Deadly Poison","Dodge and Roll"],"picked":"Blur+1","floor":18},{"not_picked":["Noxious Fumes+1","Terror"],"picked":"Well Laid Plans+1","floor":20},{"not_picked":["All Out Attack","Underhanded Strike"],"picked":"Deadly Poison","floor":22},{"not_picked":["Phantasmal Killer","Setup"],"picked":"PiercingWail","floor":23},{"not_picked":["Poisoned Stab","Dagger Spray","Outmaneuver"],"picked":"SKIP","floor":24},{"not_picked":["Sucker Punch","All Out Attack"],"picked":"Backflip","floor":25},{"not_picked":["Poisoned Stab","Sucker Punch+1","Cloak And Dagger"],"picked":"SKIP","floor":27},{"not_picked":["Riddle With Holes","Dodge and Roll","Poisoned Stab"],"picked":"SKIP","floor":28},{"not_picked":["Distraction","Underhanded Strike"],"picked":"Leg Sweep","floor":31},{"not_picked":["Phantasmal Killer","Unload"],"picked":"Die Die Die","floor":33},{"not_picked":["Underhanded Strike","Outmaneuver","Skewer"],"picked":"SKIP","floor":35},{"not_picked":["Blade Dance","Dagger Spray+1","Reflex"],"picked":"SKIP","floor":36},{"not_picked":["Riddle With Holes","Predator","Prepared"],"picked":"SKIP","floor":38},{"not_picked":["Acrobatics","Flechettes+1"],"picked":"Prepared+1","floor":39},{"not_picked":["Leg Sweep","Flying Knee","Flechettes"],"picked":"SKIP","floor":40},{"not_picked":["Masterful Stab","Malaise"],"picked":"Backflip+1","floor":42},{"not_picked":["Dodge and Roll","Backstab","Bane"],"picked":"SKIP","floor":45},{"not_picked":["Heel Hook","Prepared+1"],"picked":"Venomology","floor":46},{"not_picked":["Acrobatics","Calculated Gamble","Finisher+1"],"picked":"SKIP","floor":47}],"player_experience":4701890,"relics_obtained":[{"floor":4.0,"key":"Ornamental Fan"},{"floor":6.0,"key":"Bag of Preparation"},{"floor":9.0,"key":"Frozen Egg 2"},{"floor":10,"key":"Old Coin"},{"floor":14,"key":"Bird Faced Urn"},{"floor":25,"key":"Thread and Needle"},{"floor":26,"key":"Potion Belt"},{"floor":28,"key":"Bronze Scales"},{"floor":40,"key":"CeramicFish"},{"floor":40,"key":"Bag of Marbles"},{"floor":42,"key":"Dead Branch"},{"floor":42,"key":"Bottled Tornado"},{"floor":43,"key":"Whetstone"},{"floor":45,"key":"Vajra"},{"floor":45,"key":"Omamori"},{"floor":46,"key":"Shovel"},{"floor":47,"key":"Art of War"},{"floor":47,"key":"InkBottle"}],"event_choices":[{"cards_removed":["Strike_G"],"damage_healed":0,"gold_gain":0,"player_choice":"Card Removal","damage_taken":0,"max_hp_gain":0,"max_hp_loss":0,"event_name":"The Cleric","floor":11,"gold_loss":75},{"damage_healed":0,"gold_gain":0,"player_choice":"Cursed","damage_taken":0,"max_hp_gain":0,"max_hp_loss":0,"event_name":"Wheel of Change","floor":21,"gold_loss":0,"cards_obtained":["Decay"]},{"damage_healed":0,"gold_gain":0,"player_choice":"Fight","damage_taken":0,"max_hp_gain":0,"max_hp_loss":0,"event_name":"Mysterious Sphere","floor":46,"gold_loss":0}],"is_beta":false,"boss_relics":[{"not_picked":["WristBlade","Velvet Choker"],"picked":"Coffee Dripper"},{"not_picked":["Pandora\u0027s Box","Sozu"],"picked":"Black Star"}],"items_purged_floors":[12,29,37,48],"is_endless":false,"potions_floor_spawned":[3,8,10,14,16,22,23,27,31,42,45,46,47],"ascension_level":15}