{"gold_per_floor":[114,125,200,213,12,12,38,3,3,22,22,48,63,82,82,156,156,176,210,125,139,152,152,180,199,199,209,222,257,21,38,38,109,109,126,1,20,20,45,72,72,97,97,97,115,130,173,191,191,191],"floor_reached":51,"playtime":2999,"items_purged":["Strike_G","Strike_G","Strike_G"],"score":1584,"play_id":"cd174fd4-cc5c-4bb4-8a90-a9cdd6df7ab9","local_time":"20210202203033","is_ascension_mode":true,"campfire_choices":[{"data":"Noxious Fumes","floor":6.0,"key":"SMITH"},{"data":"Poisoned Stab","floor":11.0,"key":"SMITH"},{"data":"Bouncing Flask","floor":15.0,"key":"SMITH"},{"data":"After Image","floor":23.0,"key":"SMITH"},{"data":"Envenom","floor":32,"key":"SMITH"},{"data":"Apotheosis","floor":41,"key":"SMITH"},{"data":"Footwork","floor":44,"key":"SMITH"},{"data":"Leg Sweep","floor":49,"key":"SMITH"}],"neow_cost":"NONE","seed_source_timestamp":1683131648583600,"circlet_count":0,"master_deck":["AscendersBane","Defend_G","Defend_G","Defend_G","Defend_G","Survivor","Neutralize","Leg Sweep+1","Noxious Fumes+1","Slice","Bouncing Flask+1","Poisoned Stab+1","Dodge and Roll","Backflip","After Image+1","Distraction+1","Infinite Blades+1","Expertise+1","PiercingWail","Cloak And Dagger","Envenom+1","Deflect","Deadly Poison","Footwork+1","Footwork+1","Die Die Die","Quick Slash+1","Dark Shackles","Apotheosis+1","Acrobatics+1","Dodge and Roll","Calculated Gamble"],"special_seed":0,"relics":["Ring of the Snake","InkBottle","Blood Vial","Snake Skull","Astrolabe","Red Mask","Nunchaku","Bird Faced Urn","Sundial","Ancient Tea Set","Sozu","Dead Branch","Frozen Egg 2","Shuriken","Pear","CeramicFish"],"potions_floor_usage":[29,31,50],"damage_taken":[{"damage":6.0,"enemies":"Jaw Worm","floor":1.0,"turns":9.0},{"damage":0.0,"enemies":"2 Louse","floor":2.0,"turns":4.0},{"damage":1.0,"enemies":"Small Slimes","floor":4.0,"turns":5.0},{"damage":5.0,"enemies":"3 Sentries","floor":7.0,"turns":8.0},{"damage":1.0,"enemies":"Red Slaver","floor":10.0,"turns":4.0},{"damage":8.0,"enemies":"Gremlin Nob","floor":12.0,"turns":4.0},{"damage":7.0,"enemies":"3 Louse","floor":13.0,"turns":5.0},{"damage":0.0,"enemies":"2 Fungi Beasts","floor":14.0,"turns":3.0},{"damage":38.0,"enemies":"Hexaghost","floor":16.0,"turns":7.0},{"damage":0.0,"enemies":"Shell Parasite","floor":18.0,"turns":8.0},{"damage":11.0,"enemies":"Masked Bandits","floor":19.0,"turns":5.0},{"damage":0.0,"enemies":"Spheric Guardian","floor":21.0,"turns":3.0},{"damage":0.0,"enemies":"Snecko","floor":22.0,"turns":6.0},{"damage":25.0,"enemies":"Slavers","floor":24.0,"turns":7.0},{"damage":1.0,"enemies":"Snake Plant","floor":25.0,"turns":5.0},{"damage":1.0,"enemies":"Sentry and Sphere","floor":27.0,"turns":5.0},{"damage":0.0,"enemies":"Shelled Parasite and Fungi","floor":28.0,"turns":7.0},{"damage":21,"enemies":"Gremlin Leader","floor":29,"turns":6},{"damage":4,"enemies":"Centurion and Healer","floor":31,"turns":7},{"damage":20,"enemies":"Champ","floor":33,"turns":13},{"damage":5,"enemies":"Orb Walker","floor":35,"turns":5},{"damage":7,"enemies":"3 Darklings","floor":37,"turns":5},{"damage":0,"enemies":"Mind Bloom Boss Battle","floor":39,"turns":7},{"damage":0,"enemies":"Giant Head","floor":40,"turns":7},{"damage":0,"enemies":"Reptomancer","floor":42,"turns":5},{"damage":0,"enemies":"Sphere and 2 Shapes","floor":45,"turns":5},{"damage":0,"enemies":"Maw","floor":46,"turns":6},{"damage":0,"enemies":"Giant Head","floor":47,"turns":6},{"damage":0,"enemies":"Writhing Mass","floor":48,"turns":6},{"damage":0,"enemies":"Time Eater","floor":50,"turns":15}],"seed_played":"-1733032382714346756","potions_obtained":[{"floor":1.0,"key":"Poison Potion"},{"floor":4.0,"key":"SmokeBomb"},{"floor":13.0,"key":"Dexterity Potion"},{"floor":16.0,"key":"Fire Potion"},{"floor":19.0,"key":"Block Potion"},{"floor":24.0,"key":"Energy Potion"},{"floor":27.0,"key":"PowerPotion"}],"is_trial":false,"path_per_floor":["M","M","?","M","$","R","E","?","T","M","R","E","M","M","R","B",null,"M","?","?","M","M","R","E","M","T","M","M","E","$","M","R","B",null,"M","$","M","?","?","E","R","E","T","R","M","M","E","M","R","B",null],"character_chosen":"THE_SILENT","items_purchased":["Bouncing Flask","Block Potion","Footwork","Block Potion","Dexterity Potion"],"campfire_rested":0,"item_purchase_floors":[5,5,30,30,30],"current_hp_per_floor":[59,59,48,47,47,47,42,60,60,61,61,55,50,52,52,16,58,60,51,51,53,55,55,32,39,39,46,54,43,43,51,51,45,65,67,67,67,57,71,72,72,72,82,82,82,82,82,82,82,82],"gold":191,"neow_bonus":"TEN_PERCENT_HP_BONUS","is_prod":false,"is_daily":false,"chose_seed":false,"campfire_upgraded":8,"win_rate":0,"timestamp":1612326633,"path_taken":["M","M","?","M","$","R","E","?","T","M","R","E","M","M","R","BOSS","M","?","?","M","M","R","E","M","T","M","M","E","$","M","R","BOSS","M","$","M","?","?","E","R","E","T","R","M","M","E","M","R","BOSS"],"build_version":"2020-12-22","purchased_purges":3,"victory":true,"max_hp_per_floor":[72,72,72,72,72,72,72,72,72,72,72,72,72,72,72,72,72,72,72,72,72,72,72,72,72,72,72,72,72,72,72,72,72,72,72,72,72,72,72,72,72,72,82,82,82,82,82,82,82,82],"card_choices":[{"not_picked":["Concentrate","Outmaneuver"],"picked":"Leg Sweep","floor":1.0},{"not_picked":["Underhanded Strike","Tactician"],"picked":"Noxious Fumes","floor":2.0},{"not_picked":["Acrobatics","Bane"],"picked":"Slice","floor":4.0},{"not_picked":["Slice","Choke"],"picked":"Poisoned Stab","floor":7.0},{"not_picked":["Expertise","Slice","Blade Dance"],"picked":"SKIP","floor":10.0},{"not_picked":["Expertise","Terror"],"picked":"Dodge and Roll","floor":12.0},{"not_picked":["Blade Dance","Outmaneuver"],"picked":"Backflip","floor":13.0},{"not_picked":["Acrobatics","Unload","Outmaneuver"],"picked":"SKIP","floor":14.0},{"not_picked":["Malaise","A Thousand Cuts"],"picked":"After Image","floor":16.0},{"not_picked":["Deadly Poison","Choke"],"picked":"PiercingWail","floor":18.0},{"not_picked":["Dagger Spray","Backflip"],"picked":"Cloak And Dagger","floor":21.0},{"not_picked":["Finisher","Riddle With Holes","Bane"],"picked":"SKIP","floor":22.0},{"not_picked":["Slice+1","Deadly Poison","Riddle With Holes"],"picked":"SKIP","floor":24.0},{"not_picked":["Infinite Blades","Dagger Spray","Dodge and Roll"],"picked":"SKIP","floor":25.0},{"not_picked":["Poisoned Stab","Cloak And Dagger"],"picked":"Envenom","floor":27.0},{"not_picked":["Finisher+1","Masterful Stab"],"picked":"Deflect","floor":28.0},{"not_picked":["Underhanded Strike","Blade Dance"],"picked":"Deadly Poison","floor":29},{"not_picked":["Flying Knee","Acrobatics"],"picked":"Footwork+1","floor":31},{"not_picked":["Phantasmal Killer","Grand Finale"],"picked":"Die Die Die","floor":33},{"not_picked":["Terror","Underhanded Strike+1"],"picked":"Quick Slash+1","floor":35},{"not_picked":["Heel Hook","Flechettes+1","Underhanded Strike"],"picked":"SKIP","floor":37},{"not_picked":["Trip","Jack Of All Trades"],"picked":"Dark Shackles","floor":38},{"not_picked":["Panacea","Bandage Up"],"picked":"Apotheosis","floor":38},{"not_picked":["Terror+1","Calculated Gamble"],"picked":"Acrobatics+1","floor":40},{"not_picked":["Sucker Punch","Poisoned Stab"],"picked":"Dodge and Roll","floor":42},{"not_picked":["Deflect","Noxious Fumes+1","Bane+1"],"picked":"SKIP","floor":45},{"not_picked":["Unload","Deadly Poison+1","Cloak And Dagger"],"picked":"SKIP","floor":46},{"not_picked":["Sucker Punch","Deflect"],"picked":"Calculated Gamble","floor":47},{"not_picked":["Dagger Spray","Flying Knee","PiercingWail"],"picked":"SKIP","floor":48}],"player_experience":4731791,"relics_obtained":[{"floor":7.0,"key":"InkBottle"},{"floor":9.0,"key":"Blood Vial"},{"floor":12.0,"key":"Snake Skull"},{"floor":19.0,"key":"Red Mask"},{"floor":24.0,"key":"Bird Faced Urn"},{"floor":26.0,"key":"Sundial"},{"floor":29,"key":"Ancient Tea Set"},{"floor":39,"key":"Dead Branch"},{"floor":40,"key":"Frozen Egg 2"},{"floor":42,"key":"Shuriken"},{"floor":43,"key":"Pear"},{"floor":47,"key":"CeramicFish"}],"event_choices":[{"damage_healed":0.0,"max_hp_gain":0.0,"max_hp_loss":0.0,"gold_gain":75.0,"event_name":"World of Goop","player_choice":"Gather Gold","floor":3.0,"gold_loss":0.0,"damage_taken":11.0},{"damage_healed":18.0,"max_hp_gain":0.0,"max_hp_loss":0.0,"gold_gain":0.0,"event_name":"The Cleric","player_choice":"Healed","floor":8.0,"gold_loss":35.0,"damage_taken":0.0},{"damage_healed":0.0,"max_hp_gain":0.0,"max_hp_loss":0.0,"gold_gain":0.0,"event_name":"Masked Bandits","player_choice":"Fought Bandits","floor":19.0,"gold_loss":0.0,"damage_taken":0.0},{"damage_healed":0.0,"max_hp_gain":0.0,"max_hp_loss":0.0,"gold_gain":0.0,"event_name":"Addict","player_choice":"Obtained Relic","floor":20.0,"gold_loss":85.0,"damage_taken":0.0,"relics_obtained":["Nunchaku"]},{"damage_healed":0,"gold_gain":0,"player_choice":"Memory 3","damage_taken":10,"max_hp_gain":0,"max_hp_loss":0,"event_name":"SensoryStone","floor":38,"gold_loss":0},{"damage_healed":0,"gold_gain":0,"player_choice":"Fight","damage_taken":0,"max_hp_gain":0,"max_hp_loss":0,"event_name":"MindBloom","floor":39,"gold_loss":0}],"is_beta":false,"boss_relics":[{"not_picked":["Ring of the Serpent","Pandora\u0027s Box"],"picked":"Astrolabe"},{"not_picked":["SlaversCollar","Black Star"],"picked":"Sozu"}],"items_purged_floors":[5,30,36],"is_endless":false,"potions_floor_spawned":[1,4,13,16,18,19,24,27,35,37,45,46,48],"ascension_level":15}