{"gold_per_floor":[218,238,258,74,91,91,111,141,141,157,187,187,217,237,237,311,311,322,336,236,250,264,264,290,309,309,309,325,345,379,393,393,467,467,482,500,26,37,0,0,25,25,25,75,75,75,94,94,94,94],"floor_reached":51,"playtime":2359,"items_purged":["Strike_G","Strike_G","Strike_G"],"score":1375,"play_id":"b4063dc6-1362-4d2a-ac7c-20ce7efdb7eb","local_time":"20210207162113","is_ascension_mode":true,"campfire_choices":[{"data":"Blade Dance","floor":6.0,"key":"SMITH"},{"floor":12.0,"key":"REST"},{"data":"Footwork","floor":15.0,"key":"SMITH"},{"data":"Phantasmal Killer","floor":23.0,"key":"SMITH"},{"floor":27.0,"key":"REST"},{"floor":32.0,"key":"REST"},{"floor":40.0,"key":"REST"},{"data":"Footwork","floor":42,"key":"SMITH"},{"floor":49,"key":"REST"}],"neow_cost":"NONE","seed_source_timestamp":2100823774466800,"circlet_count":0,"master_deck":["AscendersBane","Strike_G+1","Strike_G+1","Defend_G+1","Defend_G+1","Defend_G+1","Defend_G+1","Defend_G+1","Survivor+1","Neutralize+1","Blade Dance+1","Well Laid Plans+1","Deadly Poison+1","Footwork+1","Backstab+1","Quick Slash+1","Calculated Gamble+1","Terror+1","Dagger Spray+1","Quick Slash+1","Poisoned Stab+1","Backstab+1","Phantasmal Killer+1","Finisher+1","Corpse Explosion+1","Choke+1","PiercingWail+1","Malaise+1","Predator+1","Wraith Form v2+1","Backflip+1","Footwork+1","Backflip+1","Dodge and Roll+1","Cloak And Dagger+1","Injury","Prepared+1","PanicButton+1","Dodge and Roll+1"],"special_seed":0,"relics":["Ring of the Serpent","Strawberry","Molten Egg 2","Mummified Hand","Regal Pillow","Cursed Key","Paper Crane","Bronze Scales","Happy Flower","Red Mask","Bird Faced Urn","Ninja Scroll","Incense Burner","Mark of the Bloom"],"potions_floor_usage":[46,50],"damage_taken":[{"damage":1.0,"enemies":"Cultist","floor":1.0,"turns":4.0},{"damage":0.0,"enemies":"Jaw Worm","floor":2.0,"turns":5.0},{"damage":0.0,"enemies":"Small Slimes","floor":3.0,"turns":4.0},{"damage":0.0,"enemies":"2 Fungi Beasts","floor":5.0,"turns":4.0},{"damage":0.0,"enemies":"Large Slime","floor":7.0,"turns":5.0},{"damage":20.0,"enemies":"Gremlin Nob","floor":8.0,"turns":3.0},{"damage":10.0,"enemies":"3 Louse","floor":10.0,"turns":4.0},{"damage":17.0,"enemies":"3 Sentries","floor":11.0,"turns":5.0},{"damage":6.0,"enemies":"Lagavulin","floor":13.0,"turns":6.0},{"damage":0.0,"enemies":"Exordium Wildlife","floor":14.0,"turns":2.0},{"damage":8.0,"enemies":"Hexaghost","floor":16.0,"turns":11.0},{"damage":0.0,"enemies":"Shell Parasite","floor":18.0,"turns":4.0},{"damage":0.0,"enemies":"Spheric Guardian","floor":19.0,"turns":2.0},{"damage":6.0,"enemies":"Centurion and Healer","floor":21.0,"turns":4.0},{"damage":0.0,"enemies":"Sentry and Sphere","floor":22.0,"turns":2.0},{"damage":0.0,"enemies":"Gremlin Leader","floor":24.0,"turns":3.0},{"damage":9.0,"enemies":"Snecko","floor":25.0,"turns":4.0},{"damage":6.0,"enemies":"Chosen and Byrds","floor":28.0,"turns":3.0},{"damage":3.0,"enemies":"Snake Plant","floor":29.0,"turns":3.0},{"damage":19.0,"enemies":"Slavers","floor":30.0,"turns":4.0},{"damage":18.0,"enemies":"Shelled Parasite and Fungi","floor":31.0,"turns":2.0},{"damage":58.0,"enemies":"Champ","floor":33.0,"turns":10.0},{"damage":3.0,"enemies":"3 Shapes","floor":35.0,"turns":3.0},{"damage":12.0,"enemies":"3 Darklings","floor":36.0,"turns":3.0},{"damage":11.0,"enemies":"Sphere and 2 Shapes","floor":38.0,"turns":5.0},{"damage":21,"enemies":"Reptomancer","floor":41,"turns":6},{"damage":10,"enemies":"2 Orb Walkers","floor":44,"turns":2},{"damage":0,"enemies":"Maw","floor":47,"turns":7},{"damage":12,"enemies":"Awakened One","floor":50,"turns":16}],"seed_played":"-3000823424509907328","potions_obtained":[{"floor":1.0,"key":"EntropicBrew"},{"floor":2.0,"key":"Energy Potion"},{"floor":10.0,"key":"DuplicationPotion"},{"floor":14.0,"key":"PowerPotion"},{"floor":19.0,"key":"SteroidPotion"},{"floor":21.0,"key":"Block Potion"},{"floor":29.0,"key":"Poison Potion"},{"floor":30.0,"key":"Explosive Potion"},{"floor":33.0,"key":"Fire Potion"},{"floor":38.0,"key":"Dexterity Potion"},{"floor":41,"key":"Fruit Juice"}],"is_trial":false,"path_per_floor":["M","M","M","$","M","R","M","E","T","M","E","R","E","M","R","B",null,"M","M","$","M","M","R","E","M","T","R","M","M","E","M","R","B",null,"M","M","$","M","?","R","E","R","T","?","?","?","M","?","R","B",null],"character_chosen":"THE_SILENT","items_purchased":["Footwork","Backstab","Footwork","Backflip","Dodge and Roll","Dexterity Potion","Happy Flower"],"campfire_rested":5,"item_purchase_floors":[4,4,37,37,37,37,37],"current_hp_per_floor":[58,58,58,58,58,58,58,45,45,35,18,39,33,33,33,25,61,61,61,61,55,55,55,55,46,46,73,67,64,45,27,63,5,56,53,41,41,30,30,66,45,45,45,39,39,44,52,52,52,40],"gold":94,"neow_bonus":"HUNDRED_GOLD","is_prod":false,"is_daily":false,"chose_seed":false,"campfire_upgraded":4,"win_rate":0,"timestamp":1612743673,"path_taken":["M","M","M","?","M","R","?","E","T","M","E","R","E","M","R","BOSS","M","M","$","M","M","R","E","M","T","R","M","M","E","M","R","BOSS","M","M","$","M","?","R","E","R","T","?","?","?","M","?","R","BOSS"],"build_version":"2020-12-22","purchased_purges":3,"victory":true,"max_hp_per_floor":[66,66,66,66,66,66,66,73,73,73,73,73,73,73,73,73,73,73,73,73,73,73,73,73,73,73,73,73,73,73,73,73,73,73,73,73,73,73,73,73,73,73,73,73,73,74,74,74,74,74],"card_choices":[{"not_picked":["Eviscerate","Underhanded Strike"],"picked":"Blade Dance","floor":1.0},{"not_picked":["Choke","Slice"],"picked":"Well Laid Plans","floor":2.0},{"not_picked":["Backflip","Eviscerate"],"picked":"Deadly Poison","floor":3.0},{"not_picked":["Acrobatics","Setup"],"picked":"Quick Slash","floor":5.0},{"not_picked":["Prepared","Underhanded Strike"],"picked":"Calculated Gamble","floor":7.0},{"not_picked":["Endless Agony","Sucker Punch"],"picked":"Terror","floor":8.0},{"not_picked":["Flying Knee+1","Backflip"],"picked":"Dagger Spray+1","floor":10.0},{"not_picked":["Expertise","Bouncing Flask"],"picked":"Quick Slash+1","floor":11.0},{"not_picked":["Choke+1","Distraction"],"picked":"Poisoned Stab+1","floor":13.0},{"not_picked":["Sucker Punch+1","Quick Slash+1"],"picked":"Backstab+1","floor":14.0},{"not_picked":["Wraith Form v2","Night Terror"],"picked":"Phantasmal Killer","floor":16.0},{"not_picked":["Deflect","Acrobatics+1"],"picked":"Finisher+1","floor":18.0},{"not_picked":["Expertise","Cloak And Dagger","Flying Knee+1"],"picked":"SKIP","floor":19.0},{"not_picked":["Dagger Throw+1","Underhanded Strike+1","Dagger Spray+1"],"picked":"SKIP","floor":21.0},{"not_picked":["Eviscerate+1","Deflect"],"picked":"Corpse Explosion","floor":22.0},{"not_picked":["Skewer+1","Predator+1"],"picked":"Choke+1","floor":24.0},{"not_picked":["Slice+1","Reflex","Outmaneuver"],"picked":"SKIP","floor":25.0},{"not_picked":["Dagger Throw+1","Prepared"],"picked":"PiercingWail","floor":28.0},{"not_picked":["Choke+1","Terror","Dagger Throw+1"],"picked":"SKIP","floor":29.0},{"not_picked":["Concentrate","Flying Knee+1"],"picked":"Malaise","floor":30.0},{"not_picked":["Deadly Poison","Eviscerate+1"],"picked":"Predator+1","floor":31.0},{"not_picked":["Malaise","Night Terror"],"picked":"Wraith Form v2","floor":33.0},{"not_picked":["Setup","Deflect","Outmaneuver"],"picked":"SKIP","floor":35.0},{"not_picked":["Catalyst","Blade Dance"],"picked":"Backflip","floor":36.0},{"not_picked":["Eviscerate+1","Accuracy","Flying Knee+1"],"picked":"SKIP","floor":38.0},{"not_picked":["Slice+1","Underhanded Strike+1"],"picked":"Cloak And Dagger","floor":41},{"not_picked":["Night Terror","Poisoned Stab+1"],"picked":"Prepared+1","floor":44},{"not_picked":["Magnetism","Mayhem"],"picked":"PanicButton","floor":45},{"not_picked":["Quick Slash+1","Dodge and Roll","Acrobatics"],"picked":"SKIP","floor":47},{"not_picked":["Quick Slash+1","Acrobatics"],"picked":"Dodge and Roll","floor":47}],"player_experience":4740192,"relics_obtained":[{"floor":8.0,"key":"Strawberry"},{"floor":9.0,"key":"Molten Egg 2"},{"floor":11.0,"key":"Mummified Hand"},{"floor":13.0,"key":"Regal Pillow"},{"floor":24.0,"key":"Paper Crane"},{"floor":30.0,"key":"Bronze Scales"},{"floor":41,"key":"Bird Faced Urn"},{"floor":43,"key":"Ninja Scroll"},{"floor":44,"key":"Incense Burner"}],"event_choices":[{"damage_healed":0.0,"max_hp_gain":0.0,"max_hp_loss":0.0,"gold_gain":0.0,"event_name":"Tomb of Lord Red Mask","player_choice":"Paid","floor":39.0,"gold_loss":37.0,"damage_taken":0.0,"relics_obtained":["Red Mask"]},{"damage_healed":0,"gold_gain":0,"player_choice":"Fight","damage_taken":0,"max_hp_gain":0,"max_hp_loss":0,"event_name":"Mysterious Sphere","floor":44,"gold_loss":0},{"damage_healed":0,"gold_gain":0,"player_choice":"Memory 1","damage_taken":0,"max_hp_gain":0,"max_hp_loss":0,"event_name":"SensoryStone","floor":45,"gold_loss":0},{"damage_healed":0,"gold_gain":0,"player_choice":"Max HP","damage_taken":0,"max_hp_gain":0,"max_hp_loss":4,"event_name":"Winding Halls","floor":46,"gold_loss":0},{"damage_healed":0,"gold_gain":0,"player_choice":"Upgrade","damage_taken":0,"relics_obtained":["Mark of the Bloom"],"max_hp_gain":0,"max_hp_loss":0,"event_name":"MindBloom","floor":48,"gold_loss":0,"cards_upgraded":["Strike_G","Strike_G","Defend_G","Defend_G","Defend_G","Defend_G","Defend_G","Survivor","Neutralize","Well Laid Plans","Deadly Poison","Backstab","Quick Slash","Calculated Gamble","Terror","Corpse Explosion","PiercingWail","Malaise","Wraith Form v2","Backflip","Backflip","Dodge and Roll","Cloak And Dagger","PanicButton","Dodge and Roll"]}],"is_beta":false,"boss_relics":[{"not_picked":["Busted Crown","Tiny House"],"picked":"Cursed Key"},{"not_picked":["Coffee Dripper","HoveringKite"],"picked":"Ring of the Serpent"}],"items_purged_floors":[4,20,37],"is_endless":false,"potions_floor_spawned":[1,2,7,10,14,16,19,21,29,30,33,38,41],"ascension_level":15}