{"gold_per_floor":[114,128,53,53,65,65,99,99,125,47,61,80,106,156,156,228,228,243,243,77,77,91,125,125,125,201,81,81,81,81,107,107,184,184,202,252,264,275,275,275,304,193,193,205,205,205,223,31,31,31],"floor_reached":51,"playtime":2400,"items_purged":[],"score":1308,"play_id":"617d77b4-c375-4eea-b517-319b61405bb3","local_time":"20210215125159","is_ascension_mode":true,"campfire_choices":[{"data":"Flying Knee","floor":6.0,"key":"SMITH"},{"data":"Deadly Poison","floor":8.0,"key":"SMITH"},{"data":"Deadly Poison","floor":15.0,"key":"SMITH"},{"data":"Neutralize","floor":24.0,"key":"SMITH"},{"data":"Dagger Spray","floor":29.0,"key":"SMITH"},{"floor":32.0,"key":"REST"},{"floor":40.0,"key":"REST"},{"data":"Noxious Fumes","floor":46,"key":"SMITH"},{"data":"Blind","floor":49,"key":"SMITH"}],"neow_cost":"NONE","seed_source_timestamp":0,"circlet_count":0,"master_deck":["AscendersBane","Defend_G+1","Defend_G+1","Defend_G+1","Defend_G+1","Survivor","Neutralize+1","Dodge and Roll","Backflip","Flying Knee+1","Deadly Poison+1","Deadly Poison+1","Dagger Spray+1","Tools of the Trade","After Image","Burst+1","Well Laid Plans+1","Dodge and Roll+1","Heel Hook+1","Bane+1","Bouncing Flask","Adrenaline","Deflect","Tactician+1","Escape Plan+1","Noxious Fumes+1","Prepared+1","Blur","Blind+1"],"special_seed":0,"relics":["Ring of the Snake","Strawberry","Bronze Scales","MealTicket","Regal Pillow","Astrolabe","Membership Card","Lizard Tail","Tough Bandages","White Beast Statue","HornCleat","Vajra","SlaversCollar","Potion Belt","Oddly Smooth Stone","Whetstone","Happy Flower","Art of War"],"potions_floor_usage":[44,50,50,50,50,50,50,50],"damage_taken":[{"damage":1.0,"enemies":"2 Louse","floor":1.0,"turns":4.0},{"damage":4.0,"enemies":"Jaw Worm","floor":2.0,"turns":5.0},{"damage":2.0,"enemies":"Small Slimes","floor":5.0,"turns":6.0},{"damage":19.0,"enemies":"Gremlin Nob","floor":7.0,"turns":5.0},{"damage":27.0,"enemies":"Exordium Thugs","floor":11.0,"turns":6.0},{"damage":0.0,"enemies":"2 Fungi Beasts","floor":12.0,"turns":3.0},{"damage":6.0,"enemies":"3 Sentries","floor":13.0,"turns":7.0},{"damage":14.0,"enemies":"Hexaghost","floor":16.0,"turns":9.0},{"damage":21.0,"enemies":"Spheric Guardian","floor":18.0,"turns":7.0},{"damage":0.0,"enemies":"Chosen","floor":22.0,"turns":4.0},{"damage":19.0,"enemies":"Slavers","floor":23.0,"turns":5.0},{"damage":8.0,"enemies":"Book of Stabbing","floor":31.0,"turns":6.0},{"damage":76.0,"enemies":"Collector","floor":33.0,"turns":10.0},{"damage":0.0,"enemies":"3 Shapes","floor":35.0,"turns":8.0},{"damage":0.0,"enemies":"Orb Walker","floor":37.0,"turns":4.0},{"damage":25.0,"enemies":"3 Darklings","floor":38.0,"turns":7.0},{"damage":12.0,"enemies":"Nemesis","floor":41.0,"turns":11.0},{"damage":7,"enemies":"Sphere and 2 Shapes","floor":44,"turns":5},{"damage":4,"enemies":"Jaw Worm Horde","floor":47,"turns":4},{"damage":0,"enemies":"Donu and Deca","floor":50,"turns":11}],"seed_played":"-2548464943749811740","potions_obtained":[{"floor":2.0,"key":"ColorlessPotion"},{"floor":5.0,"key":"Energy Potion"},{"floor":12.0,"key":"BlessingOfTheForge"},{"floor":13.0,"key":"Energy Potion"},{"floor":18.0,"key":"Energy Potion"},{"floor":31.0,"key":"Weak Potion"},{"floor":33.0,"key":"Fire Potion"},{"floor":35.0,"key":"LiquidMemories"},{"floor":38.0,"key":"Fire Potion"},{"floor":39.0,"key":"EntropicBrew"},{"floor":41.0,"key":"Weak Potion"},{"floor":44,"key":"Block Potion"},{"floor":47,"key":"DuplicationPotion"}],"is_trial":false,"path_per_floor":["M","M","?","?","M","R","E","R","T","$","M","M","E","?","R","B",null,"M","?","$","?","M","E","R","T","T","$","?","R","?","E","R","B",null,"M","?","M","M","?","R","E","$","T","M","$","R","M","$","R","B",null],"character_chosen":"THE_SILENT","items_purchased":["Regen Potion","Membership Card","Bouncing Flask","HornCleat","Noxious Fumes","Oddly Smooth Stone","Happy Flower","Art of War","Blind"],"campfire_rested":2,"item_purchase_floors":[10,20,20,27,42,42,48,48,48],"current_hp_per_floor":[65,61,61,61,59,59,40,40,40,55,43,43,37,37,37,23,61,40,40,55,55,55,36,36,36,36,51,51,51,51,43,73,36,64,64,64,64,39,39,73,61,73,73,66,73,73,69,73,73,73],"gold":31,"neow_bonus":"RANDOM_COMMON_RELIC","is_prod":false,"is_daily":false,"chose_seed":false,"campfire_upgraded":7,"win_rate":0,"timestamp":1613422319,"path_taken":["M","M","?","?","M","R","E","R","T","$","M","M","E","?","R","BOSS","M","?","$","?","M","E","R","?","T","$","?","R","?","E","R","BOSS","M","?","M","?","?","R","E","$","T","M","?","R","M","$","R","BOSS"],"build_version":"2020-12-22","purchased_purges":0,"victory":true,"max_hp_per_floor":[73,73,73,73,73,73,73,73,73,73,73,73,73,73,73,73,73,73,73,73,73,73,73,73,73,73,73,73,73,73,73,73,73,73,73,73,73,73,73,73,73,73,73,73,73,73,73,73,73,73],"card_choices":[{"not_picked":["Underhanded Strike","Concentrate"],"picked":"Dodge and Roll","floor":1.0},{"not_picked":["Dodge and Roll","Acrobatics"],"picked":"Backflip","floor":2.0},{"not_picked":["Setup","Backflip"],"picked":"Flying Knee","floor":5.0},{"not_picked":["Backflip","Tactician"],"picked":"Deadly Poison","floor":7.0},{"not_picked":["Dagger Spray","Choke"],"picked":"Deadly Poison","floor":11.0},{"not_picked":["Deadly Poison","Flechettes"],"picked":"Dagger Spray","floor":12.0},{"not_picked":["Riddle With Holes","Deflect"],"picked":"Tools of the Trade","floor":13.0},{"not_picked":["Burst","Tools of the Trade"],"picked":"After Image","floor":16.0},{"not_picked":["Dagger Spray","Riddle With Holes","Bane"],"picked":"SKIP","floor":18.0},{"not_picked":["Expertise","Reflex","Deadly Poison"],"picked":"SKIP","floor":22.0},{"not_picked":["Dagger Throw","Unload","Bane"],"picked":"SKIP","floor":23.0},{"not_picked":["Poisoned Stab","Slice","Well Laid Plans"],"picked":"SKIP","floor":31.0},{"not_picked":["Burst","Malaise"],"picked":"Adrenaline","floor":33.0},{"not_picked":["Slice","Cloak And Dagger"],"picked":"Deflect","floor":35.0},{"not_picked":["Outmaneuver","Slice+1"],"picked":"Tactician+1","floor":37.0},{"not_picked":["Storm of Steel","Slice","Terror"],"picked":"SKIP","floor":38.0},{"not_picked":["Flechettes","Tactician+1"],"picked":"Escape Plan+1","floor":41.0},{"not_picked":["Escape Plan","All Out Attack"],"picked":"Prepared+1","floor":44},{"not_picked":["Bane","Eviscerate"],"picked":"Blur","floor":47}],"player_experience":4759739,"relics_obtained":[{"floor":7.0,"key":"Bronze Scales"},{"floor":9.0,"key":"MealTicket"},{"floor":13.0,"key":"Regal Pillow"},{"floor":23.0,"key":"Lizard Tail"},{"floor":25.0,"key":"Tough Bandages"},{"floor":26.0,"key":"White Beast Statue"},{"floor":31.0,"key":"Vajra"},{"floor":41.0,"key":"Potion Belt"},{"floor":43,"key":"Whetstone"}],"event_choices":[{"cards_removed":["Strike_G"],"damage_healed":0.0,"max_hp_gain":0.0,"max_hp_loss":0.0,"gold_gain":0.0,"event_name":"The Cleric","player_choice":"Card Removal","floor":3.0,"gold_loss":75.0,"damage_taken":0.0},{"damage_healed":0.0,"max_hp_gain":0.0,"max_hp_loss":0.0,"gold_gain":0.0,"event_name":"Golden Wing","player_choice":"Ignored","floor":4.0,"gold_loss":0.0,"damage_taken":0.0},{"damage_healed":0.0,"max_hp_gain":0.0,"max_hp_loss":0.0,"gold_gain":50.0,"event_name":"Golden Shrine","player_choice":"Pray","floor":14.0,"gold_loss":0.0,"damage_taken":0.0},{"damage_healed":0.0,"max_hp_gain":0.0,"max_hp_loss":0.0,"gold_gain":0.0,"cards_transformed":["Strike_G","Defend_G"],"event_name":"Drug Dealer","player_choice":"Became Test Subject","floor":19.0,"gold_loss":0.0,"damage_taken":0.0,"cards_obtained":["Heel Hook","Bane"]},{"damage_healed":0.0,"max_hp_gain":0.0,"max_hp_loss":0.0,"gold_gain":0.0,"event_name":"Back to Basics","player_choice":"Simplicity","floor":21.0,"gold_loss":0.0,"damage_taken":0.0,"cards_upgraded":["Defend_G","Defend_G","Defend_G","Defend_G"]},{"damage_healed":0.0,"max_hp_gain":0.0,"max_hp_loss":0.0,"gold_gain":0.0,"event_name":"The Mausoleum","player_choice":"Ignored","floor":28.0,"gold_loss":0.0,"damage_taken":0.0},{"damage_healed":0.0,"max_hp_gain":0.0,"max_hp_loss":0.0,"gold_gain":0.0,"event_name":"Beggar","player_choice":"Ignored","floor":30.0,"gold_loss":0.0,"damage_taken":0.0},{"damage_healed":0.0,"max_hp_gain":0.0,"max_hp_loss":0.0,"gold_gain":50.0,"event_name":"Golden Shrine","player_choice":"Pray","floor":36.0,"gold_loss":0.0,"damage_taken":0.0},{"damage_healed":0.0,"max_hp_gain":0.0,"max_hp_loss":0.0,"gold_gain":0.0,"event_name":"Lab","player_choice":"Got Potions","floor":39.0,"gold_loss":0.0,"damage_taken":0.0}],"is_beta":false,"boss_relics":[{"not_picked":["Empty Cage","Snecko Eye"],"picked":"Astrolabe"},{"not_picked":["WristBlade","Tiny House"],"picked":"SlaversCollar"}],"items_purged_floors":[],"is_endless":false,"potions_floor_spawned":[2,5,12,13,18,31,33,35,37,38,41,44,47],"ascension_level":15}