{"gold_per_floor":[116,134,55,71,84,84,114,114,141,141,141,176,176,219,219,303,303,316,202,127,127,65,65,108,126,126,126,11,120,120,149,149,235,235,247,257,257,16,16,16,46,58,70,112,124,151,30,80,80,80],"floor_reached":51,"playtime":2117,"items_purged":["Strike_G"],"score":1762,"play_id":"d9712103-440f-4200-8ea5-78633b569c2e","local_time":"20210211103630","is_ascension_mode":true,"campfire_choices":[{"data":"Neutralize","floor":6.0,"key":"SMITH"},{"data":"Envenom","floor":8.0,"key":"SMITH"},{"data":"All Out Attack","floor":13.0,"key":"SMITH"},{"data":"Malaise","floor":15.0,"key":"SMITH"},{"data":"After Image","floor":23.0,"key":"SMITH"},{"data":"Catalyst","floor":27.0,"key":"SMITH"},{"data":"Footwork","floor":32.0,"key":"SMITH"},{"data":"Footwork","floor":40,"key":"SMITH"},{"data":"Footwork","floor":42,"key":"SMITH"},{"data":"Blur","floor":49,"key":"SMITH"}],"neow_cost":"NONE","seed_source_timestamp":7165566649500,"circlet_count":0,"master_deck":["AscendersBane","Defend_G+1","Defend_G+1","Defend_G+1","Defend_G+1","Defend_G+1","Survivor","Neutralize+1","Dash","All Out Attack+1","Footwork+1","Flying Knee","Envenom+1","Footwork+1","Malaise+1","After Image+1","PiercingWail","Catalyst+1","PiercingWail+1","Escape Plan","Footwork+1","Cloak And Dagger","Blade Dance","Venomology","Blur+1"],"special_seed":0,"relics":["Ring of the Snake","NeowsBlessing","Snake Skull","CeramicFish","Happy Flower","Bronze Scales","Coffee Dripper","Anchor","Ancient Tea Set","Lizard Tail","Paper Crane","Dead Branch","SacredBark","Pantograph","MawBank","Singing Bowl","Lantern","Thread and Needle"],"potions_floor_usage":[35,41,44,46,48,50,50],"damage_taken":[{"damage":0.0,"enemies":"Cultist","floor":1.0,"turns":1.0},{"damage":0.0,"enemies":"Small Slimes","floor":2.0,"turns":1.0},{"damage":0.0,"enemies":"Jaw Worm","floor":4.0,"turns":1.0},{"damage":11.0,"enemies":"Exordium Wildlife","floor":5.0,"turns":6.0},{"damage":2.0,"enemies":"3 Sentries","floor":7.0,"turns":9.0},{"damage":0.0,"enemies":"3 Louse","floor":11.0,"turns":2.0},{"damage":9.0,"enemies":"Lagavulin","floor":12.0,"turns":8.0},{"damage":6.0,"enemies":"3 Sentries","floor":14.0,"turns":7.0},{"damage":0.0,"enemies":"Hexaghost","floor":16.0,"turns":10.0},{"damage":3.0,"enemies":"2 Thieves","floor":18.0,"turns":5.0},{"damage":7.0,"enemies":"Gremlin Leader","floor":24.0,"turns":7.0},{"damage":7.0,"enemies":"Colosseum Slavers","floor":29.0,"turns":5.0},{"damage":15.0,"enemies":"Colosseum Nobs","floor":29.0,"turns":7.0},{"damage":8.0,"enemies":"Slavers","floor":31.0,"turns":7.0},{"damage":0.0,"enemies":"Automaton","floor":33.0,"turns":9.0},{"damage":10,"enemies":"3 Darklings","floor":35,"turns":5},{"damage":0,"enemies":"Orb Walker","floor":36,"turns":6},{"damage":0,"enemies":"Nemesis","floor":41,"turns":5},{"damage":0,"enemies":"Giant Head","floor":44,"turns":9},{"damage":17,"enemies":"Writhing Mass","floor":46,"turns":6},{"damage":31,"enemies":"2 Orb Walkers","floor":48,"turns":9},{"damage":0,"enemies":"Awakened One","floor":50,"turns":12}],"seed_played":"-7049031957862171183","potions_obtained":[{"floor":1.0,"key":"SmokeBomb"},{"floor":2.0,"key":"CunningPotion"},{"floor":12.0,"key":"Swift Potion"},{"floor":14.0,"key":"Swift Potion"},{"floor":31.0,"key":"EssenceOfSteel"},{"floor":41,"key":"Regen Potion"},{"floor":44,"key":"Strength Potion"}],"is_trial":false,"path_per_floor":["M","M","$","M","M","R","E","R","T","?","M","E","R","E","R","B",null,"M","$","?","?","$","R","E","?","T","R","$","?","?","E","R","B",null,"M","M","?","$","?","R","E","R","T","E","?","M","$","?","R","B",null],"character_chosen":"THE_SILENT","items_purchased":["Footwork","PiercingWail","Catalyst","Cloak And Dagger","Regen Potion","Pantograph","Blur","DuplicationPotion"],"campfire_rested":0,"item_purchase_floors":[3,19,22,28,28,38,47,47],"current_hp_per_floor":[59,59,59,59,48,48,46,46,46,46,46,37,37,31,31,31,57,54,54,54,54,54,54,47,47,47,47,47,40,40,32,32,32,58,48,48,48,48,48,48,48,48,48,65,65,50,50,21,21,46],"gold":80,"neow_bonus":"THREE_ENEMY_KILL","is_prod":false,"is_daily":false,"chose_seed":false,"campfire_upgraded":10,"win_rate":0,"timestamp":1613068590,"path_taken":["M","M","$","M","M","R","E","R","T","?","M","E","R","E","R","BOSS","M","$","?","?","?","R","E","?","T","R","$","?","?","E","R","BOSS","M","M","?","$","?","R","E","R","T","E","?","M","$","?","R","BOSS"],"build_version":"2020-12-22","purchased_purges":1,"victory":true,"max_hp_per_floor":[66,66,66,66,66,66,66,66,66,66,66,66,66,66,66,66,66,66,66,66,66,66,66,66,66,66,66,66,66,66,66,66,66,66,66,66,66,66,63,63,63,63,63,65,65,67,67,69,69,69],"card_choices":[{"not_picked":["Distraction","Acrobatics"],"picked":"Dash","floor":1.0},{"not_picked":["Flying Knee","Escape Plan"],"picked":"All Out Attack","floor":2.0},{"not_picked":["Sucker Punch","Backflip"],"picked":"Flying Knee","floor":4.0},{"not_picked":["Catalyst","Accuracy","Endless Agony"],"picked":"SKIP","floor":5.0},{"not_picked":["Underhanded Strike","Backflip"],"picked":"Envenom","floor":7.0},{"not_picked":["Acrobatics","A Thousand Cuts"],"picked":"Footwork","floor":12.0},{"not_picked":["Dagger Throw","Eviscerate"],"picked":"Malaise","floor":14.0},{"not_picked":["Storm of Steel","Burst"],"picked":"After Image","floor":16.0},{"not_picked":["Dash","Deadly Poison","Underhanded Strike"],"picked":"SKIP","floor":18.0},{"not_picked":["Bane","Deadly Poison"],"picked":"PiercingWail+1","floor":24.0},{"not_picked":["Deflect","Calculated Gamble"],"picked":"Blade Dance","floor":29.0},{"not_picked":["Finisher","Expertise","Envenom"],"picked":"SKIP","floor":31.0},{"not_picked":["Storm of Steel","Glass Knife"],"picked":"Venomology","floor":33.0},{"not_picked":["Escape Plan","Acrobatics","Choke+1"],"picked":"SKIP","floor":35},{"not_picked":["Poisoned Stab","Dagger Spray","Sucker Punch"],"picked":"SKIP","floor":36},{"not_picked":["Accuracy","Blade Dance","Setup"],"picked":"SKIP","floor":41},{"not_picked":["Footwork","Acrobatics","Dagger Throw+1"],"picked":"Singing Bowl","floor":44},{"not_picked":["Deflect","Quick Slash","Setup"],"picked":"Singing Bowl","floor":46},{"not_picked":["Poisoned Stab","Outmaneuver+1","Bane"],"picked":"Singing Bowl","floor":48}],"player_experience":4748915,"relics_obtained":[{"floor":7.0,"key":"Snake Skull"},{"floor":9.0,"key":"CeramicFish"},{"floor":12.0,"key":"Happy Flower"},{"floor":14.0,"key":"Bronze Scales"},{"floor":24.0,"key":"Anchor"},{"floor":26.0,"key":"Ancient Tea Set"},{"floor":29.0,"key":"Lizard Tail"},{"floor":29.0,"key":"Paper Crane"},{"floor":31.0,"key":"Dead Branch"},{"floor":41,"key":"MawBank"},{"floor":43,"key":"Singing Bowl"},{"floor":44,"key":"Lantern"},{"floor":48,"key":"Thread and Needle"}],"event_choices":[{"damage_healed":0.0,"max_hp_gain":0.0,"max_hp_loss":0.0,"gold_gain":0.0,"event_name":"Liars Game","player_choice":"Ignored","floor":10.0,"gold_loss":0.0,"damage_taken":0.0},{"cards_removed":["Strike_G"],"damage_healed":0.0,"max_hp_gain":0.0,"max_hp_loss":0.0,"gold_gain":0.0,"event_name":"Beggar","player_choice":"Gave Gold","floor":20.0,"gold_loss":75.0,"damage_taken":0.0},{"damage_healed":0.0,"max_hp_gain":0.0,"max_hp_loss":0.0,"gold_gain":0.0,"event_name":"Ghosts","player_choice":"Ignored","floor":21.0,"gold_loss":0.0,"damage_taken":0.0},{"damage_healed":0.0,"max_hp_gain":0.0,"max_hp_loss":0.0,"gold_gain":0.0,"cards_transformed":["Strike_G","Strike_G"],"event_name":"Drug Dealer","player_choice":"Became Test Subject","floor":25.0,"gold_loss":0.0,"damage_taken":0.0,"cards_obtained":["Escape Plan","Footwork"]},{"damage_healed":0.0,"max_hp_gain":0.0,"max_hp_loss":0.0,"gold_gain":0.0,"event_name":"Colosseum","player_choice":"Fight","floor":29.0,"gold_loss":0.0,"damage_taken":0.0},{"damage_healed":0.0,"max_hp_gain":0.0,"max_hp_loss":0.0,"gold_gain":0.0,"event_name":"Colosseum","player_choice":"Fought Nobs","floor":29.0,"gold_loss":0.0,"damage_taken":0.0},{"damage_healed":0.0,"max_hp_gain":0.0,"max_hp_loss":0.0,"gold_gain":0.0,"event_name":"Back to Basics","player_choice":"Simplicity","floor":30.0,"gold_loss":0.0,"damage_taken":0.0,"cards_upgraded":["Strike_G","Defend_G","Defend_G","Defend_G","Defend_G","Defend_G"]},{"damage_healed":0,"gold_gain":0,"player_choice":"Memory 1","damage_taken":0,"max_hp_gain":0,"max_hp_loss":0,"event_name":"SensoryStone","floor":37,"gold_loss":0},{"damage_healed":0,"gold_gain":0,"player_choice":"Max HP","damage_taken":0,"max_hp_gain":0,"max_hp_loss":3,"event_name":"Winding Halls","floor":39,"gold_loss":0},{"cards_removed":["Strike_G"],"damage_healed":0,"gold_gain":0,"player_choice":"Removed Attack","damage_taken":0,"max_hp_gain":0,"max_hp_loss":0,"event_name":"Falling","floor":45,"gold_loss":0},{"damage_healed":0,"gold_gain":0,"player_choice":"Fight","damage_taken":0,"max_hp_gain":0,"max_hp_loss":0,"event_name":"Mysterious Sphere","floor":48,"gold_loss":0}],"is_beta":false,"boss_relics":[{"not_picked":["Ring of the Serpent","SlaversCollar"],"picked":"Coffee Dripper"},{"not_picked":["Sozu","Runic Dome"],"picked":"SacredBark"}],"items_purged_floors":[19],"is_endless":false,"potions_floor_spawned":[1,2,11,12,14,29,31,41,44,48],"ascension_level":15}