{"gold_per_floor":[368,388,213,227,246,246,326,360,360,360,374,409,409,429,429,506,506,526,538,554,554,22,22,37,37,37,65,65,65,82,112,112,185,185,201,217,237,247,15,15,48,48,48,73,73,102,102,26,26,26],"floor_reached":51,"playtime":2295,"items_purged":["Strike_G","Strike_G","Strike_G"],"score":1353,"play_id":"972911dc-65bd-4d10-a853-ba657bfcb24c","local_time":"20210222174246","is_ascension_mode":true,"campfire_choices":[{"data":"Neutralize","floor":6.0,"key":"SMITH"},{"data":"Noxious Fumes","floor":10.0,"key":"SMITH"},{"data":"Footwork","floor":15.0,"key":"SMITH"},{"data":"Calculated Gamble","floor":23.0,"key":"SMITH"},{"data":"Crippling Poison","floor":25.0,"key":"SMITH"},{"floor":32,"key":"REST"},{"floor":40,"key":"REST"},{"floor":42,"key":"REST"},{"floor":45,"key":"RECALL"},{"floor":49,"key":"REST"}],"neow_cost":"PERCENT_DAMAGE","seed_source_timestamp":0,"circlet_count":0,"master_deck":["AscendersBane","Strike_G","Strike_G","Defend_G","Defend_G","Defend_G","Defend_G","Defend_G","Survivor","Neutralize+1","All Out Attack","Dash","Noxious Fumes+1","Blade Dance","Crippling Poison+1","Leg Sweep","Calculated Gamble+1","Dagger Throw+1","Footwork+1","Corpse Explosion","Cloak And Dagger+1","Footwork","Die Die Die","Deflect","Dodge and Roll","Outmaneuver+1","Burst","Calculated Gamble+1","Bouncing Flask","PiercingWail","Caltrops","Noxious Fumes+1","Prepared+1","Blur","Well Laid Plans"],"special_seed":0,"relics":["Ring of the Snake","Strawberry","HornCleat","Tingsha","HoveringKite","Incense Burner","Ginger","Happy Flower","Oddly Smooth Stone","Blue Candle","Fusion Hammer","Membership Card","Art of War","Pantograph","CaptainsWheel","Bottled Tornado"],"potions_floor_usage":[38,41,46],"damage_taken":[{"damage":0.0,"enemies":"2 Louse","floor":1.0,"turns":4.0},{"damage":13.0,"enemies":"Jaw Worm","floor":2.0,"turns":7.0},{"damage":0.0,"enemies":"Cultist","floor":4.0,"turns":4.0},{"damage":2.0,"enemies":"Looter","floor":5.0,"turns":4.0},{"damage":16.0,"enemies":"Lagavulin","floor":8.0,"turns":10.0},{"damage":0.0,"enemies":"3 Louse","floor":11.0,"turns":3.0},{"damage":0.0,"enemies":"3 Sentries","floor":12.0,"turns":6.0},{"damage":1.0,"enemies":"Blue Slaver","floor":14.0,"turns":4.0},{"damage":4.0,"enemies":"Hexaghost","floor":16.0,"turns":10.0},{"damage":0.0,"enemies":"Spheric Guardian","floor":18.0,"turns":5.0},{"damage":2.0,"enemies":"3 Byrds","floor":19.0,"turns":4.0},{"damage":3.0,"enemies":"Cultist and Chosen","floor":20.0,"turns":5.0},{"damage":0.0,"enemies":"Centurion and Healer","floor":24.0,"turns":5.0},{"damage":5.0,"enemies":"Book of Stabbing","floor":27.0,"turns":7.0},{"damage":6.0,"enemies":"Snecko","floor":30.0,"turns":7.0},{"damage":5.0,"enemies":"Gremlin Leader","floor":31.0,"turns":5.0},{"damage":16,"enemies":"Champ","floor":33,"turns":17},{"damage":8,"enemies":"3 Darklings","floor":35,"turns":4},{"damage":0,"enemies":"3 Shapes","floor":36,"turns":1},{"damage":0,"enemies":"Maw","floor":37,"turns":9},{"damage":18,"enemies":"Transient","floor":38,"turns":5},{"damage":15,"enemies":"Nemesis","floor":41,"turns":8},{"damage":0,"enemies":"Mind Bloom Boss Battle","floor":44,"turns":6},{"damage":43,"enemies":"Giant Head","floor":46,"turns":10},{"damage":29,"enemies":"Time Eater","floor":50,"turns":16}],"seed_played":"-4676562943591970485","potions_obtained":[{"floor":1.0,"key":"Dexterity Potion"},{"floor":4.0,"key":"SneckoOil"},{"floor":16.0,"key":"DistilledChaos"},{"floor":18.0,"key":"Poison Potion"},{"floor":30.0,"key":"DistilledChaos"},{"floor":35,"key":"EssenceOfSteel"},{"floor":41,"key":"Poison Potion"}],"is_trial":false,"path_per_floor":["M","M","$","M","M","R","?","E","T","R","M","E","?","M","R","B",null,"M","M","M","?","$","R","M","R","T","E","?","T","M","E","R","B",null,"M","M","M","M","$","R","E","R","T","?","R","E","?","$","R","B",null],"character_chosen":"THE_SILENT","items_purchased":["Noxious Fumes","Blade Dance","Deflect","GhostInAJar","Incense Burner","Membership Card","Caltrops","Blur","Well Laid Plans"],"campfire_rested":4,"item_purchase_floors":[3,3,22,22,22,39,39,48,48],"current_hp_per_floor":[44,31,31,31,29,29,29,20,20,20,20,20,20,19,19,15,59,59,57,54,54,54,54,54,54,54,49,49,49,43,38,59,43,66,58,58,58,40,40,61,46,67,67,73,73,30,60,60,60,31],"gold":26,"neow_bonus":"TWO_FIFTY_GOLD","is_prod":false,"is_daily":false,"chose_seed":false,"campfire_upgraded":5,"win_rate":0,"timestamp":1614044566,"path_taken":["M","M","$","M","M","R","?","E","T","R","M","E","?","M","R","BOSS","M","?","M","?","$","R","M","R","T","E","?","?","M","E","R","BOSS","M","M","M","M","$","R","E","R","T","?","R","E","?","$","R","BOSS"],"build_version":"2020-12-22","purchased_purges":3,"victory":true,"max_hp_per_floor":[66,66,66,66,66,66,66,73,73,73,73,73,73,73,73,73,73,73,73,73,73,73,73,73,73,73,73,73,73,73,73,73,73,73,73,73,73,73,73,73,73,73,73,73,73,73,60,60,60,60],"card_choices":[{"not_picked":["Riddle With Holes","Prepared"],"picked":"All Out Attack","floor":1.0},{"not_picked":["Outmaneuver","Bane"],"picked":"Dash","floor":2.0},{"not_picked":["Catalyst","PiercingWail"],"picked":"Crippling Poison","floor":4.0},{"not_picked":["Accuracy","Crippling Poison","Sucker Punch"],"picked":"SKIP","floor":5.0},{"not_picked":["Underhanded Strike","Quick Slash"],"picked":"Leg Sweep","floor":8.0},{"not_picked":["Outmaneuver","Unload"],"picked":"Calculated Gamble","floor":11.0},{"not_picked":["Eviscerate","Dagger Spray"],"picked":"Dagger Throw","floor":12.0},{"not_picked":["Dagger Throw","Terror"],"picked":"Footwork","floor":14.0},{"not_picked":["Die Die Die","Tools of the Trade"],"picked":"Corpse Explosion","floor":16.0},{"not_picked":["Dagger Throw","Underhanded Strike"],"picked":"Cloak And Dagger+1","floor":18.0},{"not_picked":["Distraction","Deadly Poison"],"picked":"Footwork","floor":19.0},{"not_picked":["Blade Dance","Concentrate"],"picked":"Die Die Die","floor":20.0},{"not_picked":["Terror","Skewer"],"picked":"Dodge and Roll","floor":24.0},{"not_picked":["Noxious Fumes","Heel Hook","Unload"],"picked":"SKIP","floor":27.0},{"not_picked":["Infinite Blades","Sucker Punch","Underhanded Strike"],"picked":"SKIP","floor":30.0},{"not_picked":["Blade Dance","Endless Agony"],"picked":"Outmaneuver+1","floor":31.0},{"not_picked":["Corpse Explosion","Bullet Time"],"picked":"Burst","floor":33},{"not_picked":["Underhanded Strike","Deflect"],"picked":"Calculated Gamble+1","floor":35},{"not_picked":["Blade Dance","Slice","Outmaneuver"],"picked":"SKIP","floor":36},{"not_picked":["Cloak And Dagger","Envenom"],"picked":"Bouncing Flask","floor":37},{"not_picked":["Acrobatics","Concentrate"],"picked":"PiercingWail","floor":38},{"not_picked":["Deadly Poison","Reflex"],"picked":"Noxious Fumes+1","floor":41},{"not_picked":["Dagger Spray","Quick Slash"],"picked":"Prepared+1","floor":46}],"player_experience":4765908,"relics_obtained":[{"floor":8.0,"key":"Strawberry"},{"floor":9.0,"key":"HornCleat"},{"floor":12.0,"key":"Tingsha"},{"floor":26.0,"key":"Ginger"},{"floor":27.0,"key":"Happy Flower"},{"floor":29.0,"key":"Oddly Smooth Stone"},{"floor":31.0,"key":"Blue Candle"},{"floor":41,"key":"Art of War"},{"floor":43,"key":"Pantograph"},{"floor":44,"key":"CaptainsWheel"},{"floor":46,"key":"Bottled Tornado"}],"event_choices":[{"damage_healed":0.0,"max_hp_gain":0.0,"max_hp_loss":0.0,"gold_gain":80.0,"event_name":"Golden Wing","player_choice":"Gained Gold","floor":7.0,"gold_loss":0.0,"damage_taken":0.0},{"damage_healed":0.0,"max_hp_gain":0.0,"max_hp_loss":0.0,"gold_gain":0.0,"event_name":"Upgrade Shrine","player_choice":"Upgraded","floor":13.0,"gold_loss":0.0,"damage_taken":0.0,"cards_upgraded":["Dagger Throw"]},{"damage_healed":0.0,"max_hp_gain":0.0,"max_hp_loss":0.0,"gold_gain":0.0,"event_name":"Cursed Tome","player_choice":"Ignored","floor":21.0,"gold_loss":0.0,"damage_taken":0.0},{"damage_healed":0.0,"max_hp_gain":0.0,"max_hp_loss":0.0,"gold_gain":0.0,"event_name":"Ghosts","player_choice":"Ignored","floor":28.0,"gold_loss":0.0,"damage_taken":0.0},{"damage_healed":0,"gold_gain":0,"player_choice":"Fight","damage_taken":0,"max_hp_gain":0,"max_hp_loss":0,"event_name":"MindBloom","floor":44,"gold_loss":0},{"damage_healed":60,"gold_gain":0,"player_choice":"Heal","damage_taken":0,"max_hp_gain":0,"max_hp_loss":13,"event_name":"The Moai Head","floor":47,"gold_loss":0}],"is_beta":false,"boss_relics":[{"not_picked":["Tiny House","Ring of the Serpent"],"picked":"HoveringKite"},{"not_picked":["Calling Bell","SacredBark"],"picked":"Fusion Hammer"}],"items_purged_floors":[3,22,39],"is_endless":false,"potions_floor_spawned":[1,4,5,16,18,24,30,35,36,41],"ascension_level":15}