{"gold_per_floor":[116,266,282,169,94,94,124,124,124,142,63,80,95,122,122,199,199,209,209,226,245,257,257,292,307,307,307],"floor_reached":27,"playtime":1217,"items_purged":["Doubt"],"score":429,"play_id":"75efcd97-5f77-439c-814b-f52d08bb68db","local_time":"20210330210345","is_ascension_mode":true,"campfire_choices":[{"data":"Poisoned Stab","floor":6,"key":"SMITH"},{"data":"Flying Knee","floor":8,"key":"SMITH"},{"data":"Footwork","floor":15,"key":"SMITH"},{"floor":23,"key":"REST"}],"neow_cost":"NONE","seed_source_timestamp":596933710770100,"circlet_count":0,"master_deck":["AscendersBane","Strike_G","Strike_G","Strike_G","Strike_G","Defend_G","Defend_G","Defend_G","Defend_G","Defend_G","Survivor","Neutralize+1","Flying Knee+1","Poisoned Stab+1","Backstab","Dodge and Roll","Deflect","Blade Dance","Well Laid Plans","Crippling Poison","Backstab","Deadly Poison","Footwork+1","Wraith Form v2","Deflect","Footwork+1","Cloak And Dagger","Leg Sweep","Backflip","Cloak And Dagger","Calculated Gamble"],"relics":["Ring of the Snake","Prayer Wheel","Letter Opener","StrikeDummy","WristBlade","Art of War","Sundial"],"potions_floor_usage":[7,14,21,24,27],"damage_taken":[{"damage":0,"enemies":"Small Slimes","floor":1,"turns":6},{"damage":2,"enemies":"2 Louse","floor":3,"turns":4},{"damage":20,"enemies":"3 Sentries","floor":7,"turns":11},{"damage":0,"enemies":"Jaw Worm","floor":10,"turns":2},{"damage":5,"enemies":"Exordium Thugs","floor":12,"turns":6},{"damage":9,"enemies":"Gremlin Gang","floor":13,"turns":4},{"damage":8,"enemies":"Lagavulin","floor":14,"turns":6},{"damage":11,"enemies":"Slime Boss","floor":16,"turns":13},{"damage":3,"enemies":"Chosen","floor":18,"turns":4},{"damage":8,"enemies":"Shell Parasite","floor":20,"turns":6},{"damage":14,"enemies":"Snake Plant","floor":21,"turns":4},{"damage":11,"enemies":"Cultist and Chosen","floor":22,"turns":8},{"damage":25,"enemies":"Slavers","floor":24,"turns":8},{"damage":8,"enemies":"Shelled Parasite and Fungi","floor":25,"turns":7},{"damage":9,"enemies":"Book of Stabbing","floor":27,"turns":7}],"seed_played":"7000532846511670068","potions_obtained":[{"floor":3,"key":"Regen Potion"},{"floor":7,"key":"GhostInAJar"},{"floor":12,"key":"Dexterity Potion"},{"floor":20,"key":"Fruit Juice"},{"floor":24,"key":"Strength Potion"}],"is_trial":false,"path_per_floor":["M","?","M","$","?","R","E","R","T","M","$","M","M","E","R","B",null,"M","?","M","M","M","R","E","M","T","E"],"character_chosen":"THE_SILENT","items_purchased":["Backstab","Well Laid Plans"],"campfire_rested":1,"item_purchase_floors":[4,11],"current_hp_per_floor":[59,59,57,57,57,57,51,51,51,51,51,46,37,29,29,18,54,51,51,43,29,18,37,17,9,9,0],"gold":307,"neow_bonus":"UPGRADE_CARD","is_prod":false,"is_daily":false,"chose_seed":false,"campfire_upgraded":3,"win_rate":0,"timestamp":1617163425,"path_taken":["M","?","M","$","?","R","E","R","T","M","?","M","M","E","R","BOSS","M","?","M","?","M","R","E","M","T","E"],"build_version":"2020-12-22","purchased_purges":1,"victory":false,"max_hp_per_floor":[66,66,66,66,66,66,66,66,66,66,66,66,66,66,66,66,66,66,66,66,66,66,66,71,71,71,71],"card_choices":[{"not_picked":["Prepared","Outmaneuver"],"picked":"Flying Knee","floor":1},{"not_picked":["Blade Dance","Deadly Poison"],"picked":"Poisoned Stab","floor":3},{"not_picked":["Finisher","Phantasmal Killer"],"picked":"Dodge and Roll","floor":7},{"not_picked":["Expertise","Concentrate"],"picked":"Deflect","floor":10},{"not_picked":["Quick Slash","Accuracy"],"picked":"Blade Dance","floor":10},{"not_picked":["Setup","Flying Knee"],"picked":"Crippling Poison","floor":12},{"not_picked":["Quick Slash","Backflip"],"picked":"Backstab","floor":12},{"not_picked":["Storm of Steel","Endless Agony"],"picked":"Deadly Poison","floor":13},{"not_picked":["Underhanded Strike","Bane","Infinite Blades"],"picked":"SKIP","floor":13},{"not_picked":["Underhanded Strike","Setup"],"picked":"Footwork","floor":14},{"not_picked":["Envenom","Unload"],"picked":"Wraith Form v2","floor":16},{"not_picked":["Prepared","Dash"],"picked":"Deflect","floor":18},{"not_picked":["Dodge and Roll","Dagger Throw","All Out Attack"],"picked":"SKIP","floor":18},{"not_picked":["Dodge and Roll","Flechettes"],"picked":"Cloak And Dagger","floor":20},{"not_picked":["Accuracy","Backstab","Setup"],"picked":"SKIP","floor":20},{"not_picked":["Outmaneuver","Doppelganger"],"picked":"Leg Sweep","floor":21},{"not_picked":["Footwork","Bane"],"picked":"Backflip","floor":21},{"not_picked":["Expertise","Dagger Throw","Masterful Stab"],"picked":"SKIP","floor":22},{"not_picked":["Eviscerate","Deadly Poison+1","Dagger Throw+1"],"picked":"SKIP","floor":22},{"not_picked":["Riddle With Holes","Deadly Poison"],"picked":"Cloak And Dagger","floor":24},{"not_picked":["Masterful Stab","Acrobatics"],"picked":"Calculated Gamble","floor":25},{"not_picked":["Outmaneuver","Dagger Throw+1","Well Laid Plans"],"picked":"SKIP","floor":25}],"player_experience":4776127,"relics_obtained":[{"floor":7,"key":"Prayer Wheel"},{"floor":9,"key":"Letter Opener"},{"floor":14,"key":"StrikeDummy"},{"floor":24,"key":"Art of War"},{"floor":26,"key":"Sundial"}],"event_choices":[{"damage_healed":0,"gold_gain":150,"player_choice":"AGREE","damage_taken":0,"max_hp_gain":0,"max_hp_loss":0,"event_name":"Liars Game","floor":2,"gold_loss":0,"cards_obtained":["Doubt"]},{"cards_removed":["Strike_G"],"damage_healed":0,"gold_gain":0,"player_choice":"Card Removal","damage_taken":0,"max_hp_gain":0,"max_hp_loss":0,"event_name":"The Cleric","floor":5,"gold_loss":75},{"damage_healed":0,"gold_gain":0,"player_choice":"Copied","damage_taken":0,"max_hp_gain":0,"max_hp_loss":0,"event_name":"Duplicator","floor":19,"gold_loss":0,"cards_obtained":["Footwork"]}],"is_beta":false,"boss_relics":[{"not_picked":["Busted Crown","Calling Bell"],"picked":"WristBlade"}],"items_purged_floors":[4],"is_endless":false,"potions_floor_spawned":[3,7,12,20,24],"killed_by":"Book of Stabbing","ascension_level":15}