{"gold_per_floor":[111,37,53,106,122,156,156,188,188,204,204,204,229,261,273,359,371,396,408,438,203,219,219,251,251,251,267,267,302,252,252,252,252],"floor_reached":33,"playtime":1630,"items_purged":["Strike_G","Strike_G"],"score":530,"play_id":"6e77409e-8dac-4341-8896-fe4aefc0fbaf","local_time":"20210409110819","is_ascension_mode":true,"campfire_choices":[{"data":"Neutralize","floor":7.0,"key":"SMITH"},{"data":"Predator","floor":11.0,"key":"SMITH"},{"data":"Sucker Punch","floor":15.0,"key":"SMITH"},{"data":"Die Die Die","floor":23.0,"key":"SMITH"},{"data":"Strike_G","floor":25.0,"key":"PURGE"},{"floor":28.0,"key":"REST"},{"floor":32,"key":"REST"}],"neow_cost":"NONE","seed_source_timestamp":265579143933400,"circlet_count":0,"master_deck":["AscendersBane","Strike_G","Strike_G","Defend_G","Defend_G","Defend_G","Defend_G","Defend_G","Survivor","Neutralize+1","Sucker Punch+1","Predator+1","Flying Knee","Deflect","Masterful Stab","Blade Dance","Poisoned Stab","Dodge and Roll","Die Die Die+1","Escape Plan","PiercingWail","Leg Sweep","Noxious Fumes","Backflip+1","Caltrops+1","Cloak And Dagger","Malaise"],"special_seed":0,"relics":["Ring of the Snake","Anchor","Blue Candle","Pen Nib","MawBank","WristBlade","Peace Pipe","Smiling Mask","MealTicket","Darkstone Periapt"],"potions_floor_usage":[33,33],"damage_taken":[{"damage":3.0,"enemies":"Jaw Worm","floor":1.0,"turns":7.0},{"damage":0.0,"enemies":"Small Slimes","floor":3.0,"turns":3.0},{"damage":0.0,"enemies":"Cultist","floor":5.0,"turns":3.0},{"damage":13.0,"enemies":"Lagavulin","floor":6.0,"turns":8.0},{"damage":19.0,"enemies":"Gremlin Nob","floor":8.0,"turns":5.0},{"damage":0.0,"enemies":"Red Slaver","floor":10.0,"turns":2.0},{"damage":11.0,"enemies":"3 Sentries","floor":13.0,"turns":6.0},{"damage":0.0,"enemies":"Large Slime","floor":14.0,"turns":4.0},{"damage":8.0,"enemies":"Slime Boss","floor":16.0,"turns":6.0},{"damage":8.0,"enemies":"2 Thieves","floor":18.0,"turns":4.0},{"damage":0.0,"enemies":"Shell Parasite","floor":20.0,"turns":4.0},{"damage":7.0,"enemies":"Chosen and Byrds","floor":22.0,"turns":8.0},{"damage":18.0,"enemies":"Gremlin Leader","floor":24.0,"turns":6.0},{"damage":6.0,"enemies":"Centurion and Healer","floor":27.0,"turns":8.0},{"damage":25.0,"enemies":"Book of Stabbing","floor":29.0,"turns":6.0},{"damage":55,"enemies":"Collector","floor":33,"turns":7}],"seed_played":"221068237013803698","potions_obtained":[{"floor":0.0,"key":"Fruit Juice"},{"floor":0.0,"key":"GhostInAJar"},{"floor":0.0,"key":"Explosive Potion"},{"floor":5.0,"key":"Explosive Potion"},{"floor":6.0,"key":"GamblersBrew"},{"floor":13.0,"key":"FearPotion"},{"floor":29.0,"key":"Energy Potion"}],"is_trial":false,"path_per_floor":["M","$","M","?","M","E","R","E","T","M","R","?","E","M","R","B",null,"M","?","M","$","M","R","E","R","T","M","R","E","$","T","R","B"],"character_chosen":"THE_SILENT","items_purchased":["Predator","CultistPotion","Noxious Fumes"],"campfire_rested":2,"item_purchase_floors":[2,21,21],"current_hp_per_floor":[61,61,61,61,61,48,48,29,29,29,29,29,18,18,18,10,56,48,48,48,48,41,41,23,23,23,17,38,13,28,28,49,0],"gold":252,"neow_bonus":"THREE_SMALL_POTIONS","is_prod":false,"is_daily":false,"chose_seed":false,"campfire_upgraded":4,"win_rate":0,"timestamp":1617991699,"path_taken":["M","$","M","?","M","E","R","E","T","M","R","?","E","M","R","BOSS","M","?","M","$","M","R","E","R","T","?","R","E","$","?","R","BOSS"],"build_version":"2020-12-22","purchased_purges":2,"victory":false,"max_hp_per_floor":[71,71,71,71,71,71,71,71,71,71,71,71,71,71,71,71,71,71,71,71,71,71,71,71,71,71,71,71,71,71,71,71,71],"card_choices":[{"not_picked":["Tactician","Heel Hook"],"picked":"Sucker Punch","floor":1.0},{"not_picked":["Bane","Bouncing Flask"],"picked":"Flying Knee","floor":3.0},{"not_picked":["Slice","Underhanded Strike"],"picked":"Deflect","floor":5.0},{"not_picked":["Bouncing Flask","Flying Knee"],"picked":"Masterful Stab","floor":6.0},{"not_picked":["Backflip","Deadly Poison"],"picked":"Blade Dance","floor":8.0},{"not_picked":["Outmaneuver","Flying Knee","Deadly Poison"],"picked":"SKIP","floor":10.0},{"not_picked":["Predator","Eviscerate"],"picked":"Poisoned Stab","floor":13.0},{"not_picked":["Blade Dance","Prepared"],"picked":"Dodge and Roll","floor":14.0},{"not_picked":["A Thousand Cuts","Doppelganger"],"picked":"Die Die Die","floor":16.0},{"not_picked":["Slice","Underhanded Strike","Bane"],"picked":"SKIP","floor":18.0},{"not_picked":["Distraction","Concentrate"],"picked":"Leg Sweep","floor":20.0},{"not_picked":["Backstab","Dagger Throw"],"picked":"Backflip+1","floor":22.0},{"not_picked":["Corpse Explosion","Quick Slash"],"picked":"Caltrops+1","floor":24.0},{"not_picked":["Acrobatics+1","Infinite Blades"],"picked":"Cloak And Dagger","floor":27.0},{"not_picked":["Deadly Poison","PiercingWail"],"picked":"Malaise","floor":29.0}],"player_experience":4800161,"relics_obtained":[{"floor":6.0,"key":"Anchor"},{"floor":8.0,"key":"Blue Candle"},{"floor":9.0,"key":"Pen Nib"},{"floor":13.0,"key":"MawBank"},{"floor":24.0,"key":"Peace Pipe"},{"floor":26.0,"key":"Smiling Mask"},{"floor":29.0,"key":"MealTicket"},{"floor":31,"key":"Darkstone Periapt"}],"event_choices":[{"damage_healed":0.0,"max_hp_gain":0.0,"max_hp_loss":0.0,"gold_gain":53.0,"event_name":"Golden Wing","player_choice":"Gained Gold","floor":4.0,"gold_loss":0.0,"damage_taken":0.0},{"damage_healed":0.0,"max_hp_gain":0.0,"max_hp_loss":0.0,"gold_gain":0.0,"event_name":"Shining Light","player_choice":"Ignored","floor":12.0,"gold_loss":0.0,"damage_taken":0.0},{"damage_healed":0.0,"max_hp_gain":0.0,"max_hp_loss":0.0,"gold_gain":0.0,"event_name":"Match and Keep!","player_choice":"2 cards matched","floor":19.0,"gold_loss":0.0,"damage_taken":0.0,"cards_obtained":["Escape Plan","PiercingWail"]}],"is_beta":false,"boss_relics":[{"not_picked":["Calling Bell","Ring of the Serpent"],"picked":"WristBlade"}],"items_purged_floors":[21,30],"is_endless":false,"potions_floor_spawned":[1,5,6,13,22,29],"killed_by":"Collector","ascension_level":15}