{"gold_per_floor":[15,25,39,39,56,56,75,113,113,136,177,189,189,204,204,289,289,313,238,115,127,177,177,13,42,42,66,78,113,128,167,167,253,253,272,128,128,128,155,193,227,227,227,261,261,305,317,354,366,378],"floor_reached":51,"playtime":3018,"items_purged":["Strike_G","Strike_G"],"score":1437,"play_id":"1ae15669-b44f-40c9-b931-1bd92eadc050","local_time":"20210401103113","is_ascension_mode":true,"campfire_choices":[{"data":"Poisoned Stab","floor":6.0,"key":"SMITH"},{"data":"Footwork","floor":15.0,"key":"SMITH"},{"data":"Dagger Spray","floor":23.0,"key":"SMITH"},{"data":"Bouncing Flask","floor":32.0,"key":"SMITH"},{"data":"Noxious Fumes","floor":42,"key":"SMITH"},{"data":"Footwork","floor":45,"key":"SMITH"},{"data":"Well Laid Plans","floor":47,"key":"SMITH"},{"floor":49,"key":"REST"}],"neow_cost":"NO_GOLD","seed_source_timestamp":0,"circlet_count":0,"master_deck":["AscendersBane","Defend_G","Defend_G","Defend_G","Defend_G","Defend_G","Survivor","Neutralize+1","Poisoned Stab+1","Quick Slash","Backstab","Dagger Spray+1","Dodge and Roll","Deadly Poison","Bouncing Flask+1","Footwork+1","Adrenaline","Well Laid Plans+1","Footwork+1","Leg Sweep+1","Dodge and Roll","Blur","Corpse Explosion","Flying Knee+1","Backflip","Noxious Fumes+1","Crippling Poison","Blur","Dodge and Roll"],"special_seed":0,"relics":["Ring of the Snake","CeramicFish","Lizard Tail","StoneCalendar","Pocketwatch","Cursed Key","White Beast Statue","Ancient Tea Set","Girya","Empty Cage","Centennial Puzzle","StrikeDummy","Peace Pipe","Paper Crane","MawBank"],"potions_floor_usage":[39,40,41,44,46,48,48,50],"damage_taken":[{"damage":3.0,"enemies":"Jaw Worm","floor":1.0,"turns":5.0},{"damage":1.0,"enemies":"Cultist","floor":2.0,"turns":4.0},{"damage":1.0,"enemies":"2 Louse","floor":3.0,"turns":2.0},{"damage":8.0,"enemies":"Exordium Wildlife","floor":5.0,"turns":5.0},{"damage":1.0,"enemies":"2 Fungi Beasts","floor":7.0,"turns":4.0},{"damage":8.0,"enemies":"Gremlin Nob","floor":8.0,"turns":4.0},{"damage":4.0,"enemies":"3 Louse","floor":10.0,"turns":3.0},{"damage":7.0,"enemies":"Lagavulin","floor":11.0,"turns":6.0},{"damage":9.0,"enemies":"Blue Slaver","floor":12.0,"turns":5.0},{"damage":4.0,"enemies":"Exordium Thugs","floor":14.0,"turns":4.0},{"damage":7.0,"enemies":"Slime Boss","floor":16.0,"turns":7.0},{"damage":7.0,"enemies":"2 Thieves","floor":18.0,"turns":5.0},{"damage":0.0,"enemies":"Spheric Guardian","floor":21.0,"turns":3.0},{"damage":3.0,"enemies":"Book of Stabbing","floor":25.0,"turns":6.0},{"damage":5.0,"enemies":"Centurion and Healer","floor":27.0,"turns":7.0},{"damage":0.0,"enemies":"Snake Plant","floor":28.0,"turns":5.0},{"damage":0.0,"enemies":"Gremlin Leader","floor":29.0,"turns":7.0},{"damage":3.0,"enemies":"Shelled Parasite and Fungi","floor":30.0,"turns":7.0},{"damage":11.0,"enemies":"Slavers","floor":31.0,"turns":7.0},{"damage":26.0,"enemies":"Champ","floor":33.0,"turns":16.0},{"damage":0,"enemies":"Orb Walker","floor":35,"turns":4},{"damage":0,"enemies":"3 Darklings","floor":39,"turns":4},{"damage":2,"enemies":"Nemesis","floor":40,"turns":7},{"damage":0,"enemies":"Mind Bloom Boss Battle","floor":41,"turns":7},{"damage":10,"enemies":"Reptomancer","floor":44,"turns":8},{"damage":0,"enemies":"Nemesis","floor":46,"turns":7},{"damage":15,"enemies":"Writhing Mass","floor":48,"turns":7},{"damage":16,"enemies":"Time Eater","floor":50,"turns":14}],"seed_played":"-6737185482584426384","potions_obtained":[{"floor":3.0,"key":"BlessingOfTheForge"},{"floor":7.0,"key":"Energy Potion"},{"floor":8.0,"key":"EssenceOfSteel"},{"floor":14.0,"key":"DuplicationPotion"},{"floor":27.0,"key":"CunningPotion"},{"floor":29.0,"key":"DistilledChaos"},{"floor":30.0,"key":"EssenceOfSteel"},{"floor":31.0,"key":"EssenceOfSteel"},{"floor":33.0,"key":"GamblersBrew"},{"floor":39,"key":"ColorlessPotion"},{"floor":40,"key":"AttackPotion"},{"floor":41,"key":"Poison Potion"},{"floor":44,"key":"Swift Potion"},{"floor":46,"key":"Explosive Potion"},{"floor":48,"key":"ColorlessPotion"}],"is_trial":false,"path_per_floor":["M","M","M","?","M","R","M","E","T","M","E","M","?","M","R","B",null,"M","?","$","M","?","R","$","E","T","M","M","E","M","E","R","B",null,"M","$","?","?","M","E","?","R","T","E","R","E","R","M","R","B",null],"character_chosen":"THE_SILENT","items_purchased":["Fire Potion","Footwork","Centennial Puzzle"],"campfire_rested":1,"item_purchase_floors":[20,24,36],"current_hp_per_floor":[68,67,66,66,58,58,57,49,49,45,38,29,18,14,14,7,60,53,53,53,53,53,53,53,50,50,45,45,45,42,31,31,5,60,60,60,60,60,60,58,58,58,58,48,48,48,48,33,55,39],"gold":390,"neow_bonus":"TWENTY_PERCENT_HP_BONUS","is_prod":false,"is_daily":false,"chose_seed":false,"campfire_upgraded":7,"win_rate":0,"timestamp":1617298273,"path_taken":["M","M","M","?","M","R","M","E","T","?","E","M","?","M","R","BOSS","M","?","$","M","?","R","$","E","T","M","M","E","M","E","R","BOSS","M","$","?","?","?","E","?","R","T","E","R","E","R","M","R","BOSS"],"build_version":"2020-12-22","purchased_purges":2,"victory":true,"max_hp_per_floor":[78,78,78,78,78,78,78,78,78,78,78,78,78,78,78,78,78,78,78,78,78,78,78,78,78,78,78,78,78,78,78,78,78,78,78,78,74,74,74,74,74,74,74,74,74,74,74,74,74,74],"card_choices":[{"not_picked":["PiercingWail","Blade Dance"],"picked":"Poisoned Stab","floor":1.0},{"not_picked":["Deadly Poison","Expertise"],"picked":"Quick Slash","floor":2.0},{"not_picked":["Underhanded Strike","Dagger Throw"],"picked":"Backstab","floor":3.0},{"not_picked":["Riddle With Holes","Backstab"],"picked":"Dagger Spray","floor":5.0},{"not_picked":["Prepared","Quick Slash"],"picked":"Dodge and Roll","floor":7.0},{"not_picked":["Riddle With Holes","Bane"],"picked":"Deadly Poison","floor":8.0},{"not_picked":["Dodge and Roll","Acrobatics"],"picked":"Bouncing Flask","floor":10.0},{"not_picked":["Sucker Punch","Prepared"],"picked":"Footwork","floor":11.0},{"not_picked":["Slice","Prepared","Bane"],"picked":"SKIP","floor":12.0},{"not_picked":["Finisher","Sucker Punch","Quick Slash"],"picked":"SKIP","floor":14.0},{"not_picked":["Bullet Time","Night Terror"],"picked":"Adrenaline","floor":16.0},{"not_picked":["Prepared","Outmaneuver"],"picked":"Well Laid Plans","floor":18.0},{"not_picked":["Cloak And Dagger","Dagger Throw","Sucker Punch"],"picked":"SKIP","floor":21.0},{"not_picked":["Masterful Stab","Slice+1","Expertise"],"picked":"SKIP","floor":25.0},{"not_picked":["Setup","Escape Plan"],"picked":"Leg Sweep+1","floor":27.0},{"not_picked":["Sucker Punch","Bane+1","Quick Slash"],"picked":"SKIP","floor":28.0},{"not_picked":["Calculated Gamble","Cloak And Dagger"],"picked":"Dodge and Roll","floor":29.0},{"not_picked":["Calculated Gamble","All Out Attack","Slice"],"picked":"SKIP","floor":30.0},{"not_picked":["Finisher","Backstab"],"picked":"Blur","floor":31.0},{"not_picked":["Night Terror","Glass Knife"],"picked":"Corpse Explosion","floor":33.0},{"not_picked":["Dagger Throw","Bane"],"picked":"Flying Knee+1","floor":35},{"not_picked":["Dagger Throw","Endless Agony+1"],"picked":"Backflip","floor":39},{"not_picked":["Backflip","Cloak And Dagger+1"],"picked":"Noxious Fumes","floor":40},{"not_picked":["Escape Plan","Prepared"],"picked":"Crippling Poison","floor":41},{"not_picked":["Underhanded Strike","Concentrate","Phantasmal Killer"],"picked":"SKIP","floor":44},{"not_picked":["Slice","Expertise"],"picked":"Blur","floor":46},{"not_picked":["Prepared","Deflect"],"picked":"Dodge and Roll","floor":48}],"player_experience":4777344,"relics_obtained":[{"floor":8.0,"key":"CeramicFish"},{"floor":9.0,"key":"Lizard Tail"},{"floor":11.0,"key":"StoneCalendar"},{"floor":25.0,"key":"White Beast Statue"},{"floor":29.0,"key":"Ancient Tea Set"},{"floor":31.0,"key":"Girya"},{"floor":40,"key":"StrikeDummy"},{"floor":41,"key":"Peace Pipe"},{"floor":44,"key":"Paper Crane"},{"floor":46,"key":"MawBank"}],"event_choices":[{"damage_healed":0.0,"max_hp_gain":0.0,"max_hp_loss":0.0,"gold_gain":0.0,"event_name":"Upgrade Shrine","player_choice":"Upgraded","floor":4.0,"gold_loss":0.0,"damage_taken":0.0,"cards_upgraded":["Neutralize"]},{"damage_healed":0.0,"max_hp_gain":0.0,"max_hp_loss":0.0,"gold_gain":0.0,"event_name":"Scrap Ooze","player_choice":"Success","floor":13.0,"gold_loss":0.0,"damage_taken":11.0,"relics_obtained":["Pocketwatch"]},{"cards_removed":["Strike_G"],"damage_healed":0.0,"max_hp_gain":0.0,"max_hp_loss":0.0,"gold_gain":0.0,"event_name":"Beggar","player_choice":"Gave Gold","floor":19.0,"gold_loss":75.0,"damage_taken":0.0},{"damage_healed":0.0,"max_hp_gain":0.0,"max_hp_loss":0.0,"gold_gain":50.0,"event_name":"Nest","player_choice":"Stole From Cult","floor":22.0,"gold_loss":0.0,"damage_taken":0.0},{"damage_healed":0,"gold_gain":0,"player_choice":"Max HP","damage_taken":0,"max_hp_gain":0,"max_hp_loss":4,"event_name":"Winding Halls","floor":37,"gold_loss":0},{"damage_healed":0,"gold_gain":0,"player_choice":"Memory 1","damage_taken":0,"max_hp_gain":0,"max_hp_loss":0,"event_name":"SensoryStone","floor":38,"gold_loss":0},{"damage_healed":0,"gold_gain":0,"player_choice":"Fight","damage_taken":0,"max_hp_gain":0,"max_hp_loss":0,"event_name":"MindBloom","floor":41,"gold_loss":0}],"is_beta":false,"boss_relics":[{"not_picked":["Ring of the Serpent","Fusion Hammer"],"picked":"Cursed Key"},{"not_picked":["Astrolabe","Sozu"],"picked":"Empty Cage"}],"items_purged_floors":[20,24],"is_endless":false,"potions_floor_spawned":[3,7,8,14,16,27,28,29,30,31,33,35,39,40,41,44,46,48],"ascension_level":15}