{"gold_per_floor":[212,33,45,62,79,123,123,165,165,165,188,188,201,235,235,318,318,332,55,74,74,11,11,46,46,69,83,107,141,161,204,204,284,284,299,76,103,78,98,98,117,154,154,188,188,47,47,74,74,74],"floor_reached":51,"playtime":2758,"items_purged":["Strike_G","Strike_G","Strike_G","Strike_G","Strike_G"],"score":1355,"play_id":"05ba63e9-2140-4c29-877b-484cdd699c5a","local_time":"20210522001712","is_ascension_mode":true,"campfire_choices":[{"data":"Neutralize","floor":7.0,"key":"SMITH"},{"data":"Glass Knife","floor":12.0,"key":"SMITH"},{"data":"All Out Attack","floor":15.0,"key":"SMITH"},{"data":"Caltrops","floor":23.0,"key":"SMITH"},{"floor":32.0,"key":"REST"},{"data":"Wraith Form v2","floor":40,"key":"SMITH"},{"floor":45,"key":"REST"},{"data":"Well Laid Plans","floor":49,"key":"SMITH"}],"neow_cost":"NONE","seed_source_timestamp":172737866491900,"circlet_count":0,"master_deck":["AscendersBane","Defend_G","Defend_G","Defend_G","Defend_G","Defend_G","Survivor","Neutralize+1","Blade Dance","Dash","Deadly Poison","Quick Slash","Crippling Poison","Leg Sweep","Caltrops+1","Glass Knife+1","All Out Attack+1","Backflip","Wraith Form v2+1","Flying Knee+1","PiercingWail","Blur","Backflip","Venomology","Poisoned Stab+1","Cloak And Dagger+1","Catalyst","Well Laid Plans+1"],"special_seed":0,"relics":["Ring of the Snake","CeramicFish","Question Card","Eternal Feather","Mercury Hourglass","Busted Crown","Membership Card","Anchor","Singing Bowl","Boot","Toy Ornithopter","Bottled Flame","Snecko Eye","TungstenRod","Thread and Needle","CaptainsWheel","Lantern","Vajra"],"potions_floor_usage":[33,33,37,39,41,41,42,42,50,50,50],"damage_taken":[{"damage":0.0,"enemies":"2 Louse","floor":1.0,"turns":4.0},{"damage":0.0,"enemies":"Cultist","floor":3.0,"turns":4.0},{"damage":2.0,"enemies":"Jaw Worm","floor":4.0,"turns":3.0},{"damage":4.0,"enemies":"Blue Slaver","floor":5.0,"turns":4.0},{"damage":22.0,"enemies":"3 Sentries","floor":6.0,"turns":11.0},{"damage":15.0,"enemies":"Lagavulin","floor":8.0,"turns":9.0},{"damage":0.0,"enemies":"2 Fungi Beasts","floor":11.0,"turns":3.0},{"damage":19.0,"enemies":"Gremlin Gang","floor":13.0,"turns":3.0},{"damage":27.0,"enemies":"Gremlin Nob","floor":14.0,"turns":4.0},{"damage":23.0,"enemies":"Slime Boss","floor":16.0,"turns":8.0},{"damage":8.0,"enemies":"2 Thieves","floor":18.0,"turns":4.0},{"damage":0.0,"enemies":"Shell Parasite","floor":20.0,"turns":4.0},{"damage":9.0,"enemies":"Slavers","floor":24.0,"turns":4.0},{"damage":20.0,"enemies":"Snake Plant","floor":27.0,"turns":4.0},{"damage":0.0,"enemies":"Chosen and Byrds","floor":28.0,"turns":4.0},{"damage":17.0,"enemies":"Book of Stabbing","floor":29.0,"turns":5.0},{"damage":4.0,"enemies":"3 Cultists","floor":30.0,"turns":4.0},{"damage":14.0,"enemies":"Slavers","floor":31.0,"turns":4.0},{"damage":56,"enemies":"Automaton","floor":33,"turns":15},{"damage":1,"enemies":"Orb Walker","floor":35,"turns":5},{"damage":0,"enemies":"3 Darklings","floor":37,"turns":4},{"damage":31,"enemies":"Spire Growth","floor":39,"turns":6},{"damage":5,"enemies":"Sphere and 2 Shapes","floor":41,"turns":6},{"damage":56,"enemies":"Giant Head","floor":42,"turns":12},{"damage":0,"enemies":"Nemesis","floor":44,"turns":9},{"damage":51,"enemies":"Awakened One","floor":50,"turns":21}],"seed_played":"2497918988136745600","potions_obtained":[{"floor":4.0,"key":"LiquidMemories"},{"floor":6.0,"key":"FairyPotion"},{"floor":13.0,"key":"GhostInAJar"},{"floor":14.0,"key":"Swift Potion"},{"floor":18.0,"key":"Energy Potion"},{"floor":27.0,"key":"Poison Potion"},{"floor":31.0,"key":"SpeedPotion"},{"floor":35,"key":"Block Potion"},{"floor":37,"key":"BlessingOfTheForge"}],"is_trial":false,"path_per_floor":["M","$","M","M","M","E","R","E","T","?","M","R","M","E","R","B",null,"M","$","M","?","$","R","E","?","T","M","M","E","M","E","R","B",null,"M","$","M","$","M","R","M","E","T","E","R","$","?","T","R","B",null],"character_chosen":"THE_SILENT","items_purchased":["Dash","Deadly Poison","Membership Card","Anchor","TungstenRod","Dexterity Potion","Well Laid Plans","Energy Potion"],"campfire_rested":2,"item_purchase_floors":[2,2,19,19,36,38,46,46],"current_hp_per_floor":[59,59,59,57,53,31,31,16,16,16,16,28,9,19,31,8,52,44,44,44,44,44,56,49,68,68,50,50,33,34,20,56,10,55,56,56,61,61,37,52,59,13,13,13,50,50,52,52,67,31],"gold":74,"neow_bonus":"HUNDRED_GOLD","is_prod":false,"is_daily":false,"chose_seed":false,"campfire_upgraded":6,"win_rate":0,"timestamp":1621667832,"path_taken":["M","$","M","M","M","E","R","E","T","?","M","R","?","E","R","BOSS","M","$","M","?","$","R","E","?","T","M","M","E","M","E","R","BOSS","M","$","M","?","M","R","M","E","T","E","R","$","?","?","R","BOSS"],"build_version":"2020-12-22","purchased_purges":5,"victory":true,"max_hp_per_floor":[66,66,66,66,66,66,66,66,66,66,66,66,66,66,66,66,66,66,66,66,66,66,66,68,68,68,70,70,70,70,70,70,70,70,72,72,72,72,74,74,76,76,76,76,76,76,78,78,78,78],"card_choices":[{"not_picked":["Deadly Poison","Dodge and Roll"],"picked":"Blade Dance","floor":1.0},{"not_picked":["Deflect","Underhanded Strike"],"picked":"Quick Slash","floor":3.0},{"not_picked":["Deadly Poison","Sucker Punch"],"picked":"Crippling Poison","floor":4.0},{"not_picked":["PiercingWail","Tactician"],"picked":"Leg Sweep","floor":5.0},{"not_picked":["Predator","Prepared"],"picked":"Caltrops","floor":6.0},{"not_picked":["Outmaneuver","Terror"],"picked":"Glass Knife","floor":8.0},{"not_picked":["Eviscerate","Setup","Quick Slash"],"picked":"All Out Attack","floor":11.0},{"not_picked":["Riddle With Holes","Poisoned Stab","Acrobatics","All Out Attack"],"picked":"SKIP","floor":13.0},{"not_picked":["Slice","Bane","Quick Slash"],"picked":"Backflip","floor":14.0},{"not_picked":["Bullet Time","Storm of Steel","A Thousand Cuts"],"picked":"Wraith Form v2","floor":16.0},{"not_picked":["Quick Slash","Blade Dance"],"picked":"SKIP","floor":18.0},{"not_picked":["Eviscerate"],"picked":"Heel Hook+1","floor":20.0},{"not_picked":["Sucker Punch","Predator"],"picked":"Singing Bowl","floor":24.0},{"not_picked":["All Out Attack","Leg Sweep"],"picked":"Singing Bowl","floor":27.0},{"not_picked":["Slice+1"],"picked":"Flying Knee+1","floor":28.0},{"not_picked":["Finisher+1"],"picked":"PiercingWail","floor":29.0},{"not_picked":["Distraction"],"picked":"Blur","floor":30.0},{"not_picked":["Glass Knife"],"picked":"Backflip","floor":31.0},{"not_picked":["Die Die Die"],"picked":"Venomology","floor":33},{"not_picked":["Slice+1","Prepared"],"picked":"Singing Bowl","floor":35},{"not_picked":["Blur"],"picked":"Poisoned Stab+1","floor":37},{"not_picked":["Flying Knee","Outmaneuver"],"picked":"Singing Bowl","floor":39},{"not_picked":["Outmaneuver+1","Poisoned Stab"],"picked":"Singing Bowl","floor":41},{"not_picked":["Backflip"],"picked":"Cloak And Dagger+1","floor":42},{"not_picked":["Cloak And Dagger"],"picked":"Catalyst","floor":44},{"not_picked":["Magnetism","Dramatic Entrance"],"picked":"Singing Bowl","floor":47}],"player_experience":4808607,"relics_obtained":[{"floor":6.0,"key":"CeramicFish"},{"floor":8.0,"key":"Question Card"},{"floor":9.0,"key":"Eternal Feather"},{"floor":14.0,"key":"Mercury Hourglass"},{"floor":24.0,"key":"Singing Bowl"},{"floor":26.0,"key":"Boot"},{"floor":29.0,"key":"Toy Ornithopter"},{"floor":31.0,"key":"Bottled Flame"},{"floor":42,"key":"Thread and Needle"},{"floor":43,"key":"CaptainsWheel"},{"floor":44,"key":"Lantern"},{"floor":48,"key":"Vajra"}],"event_choices":[{"damage_healed":0.0,"max_hp_gain":0.0,"max_hp_loss":0.0,"gold_gain":0.0,"event_name":"Match and Keep!","player_choice":"0 cards matched","floor":10.0,"gold_loss":0.0,"damage_taken":0.0,"cards_obtained":[]},{"damage_healed":0.0,"max_hp_gain":0.0,"max_hp_loss":0.0,"gold_gain":0.0,"event_name":"Vampires","player_choice":"Ignored","floor":21.0,"gold_loss":0.0,"damage_taken":0.0},{"cards_removed":["Heel Hook"],"damage_healed":19.0,"max_hp_gain":0.0,"max_hp_loss":0.0,"gold_gain":0.0,"event_name":"Bonfire Elementals","player_choice":"Offered Uncommon","floor":25.0,"gold_loss":0.0,"damage_taken":0.0},{"damage_healed":0,"gold_gain":0,"player_choice":"Memory 1","damage_taken":0,"max_hp_gain":0,"max_hp_loss":0,"event_name":"SensoryStone","floor":47,"gold_loss":0}],"is_beta":false,"boss_relics":[{"not_picked":["Tiny House","WristBlade"],"picked":"Busted Crown"},{"not_picked":["Calling Bell","Astrolabe"],"picked":"Snecko Eye"}],"items_purged_floors":[2,19,22,36,46],"is_endless":false,"potions_floor_spawned":[4,6,13,14,18,27,29,31,35,37],"ascension_level":15}