{"gold_per_floor":[14,31,81,92,92,92,104,120,201,201,201,228,239,252,252,324,324,337,337,117,136,149,149,167,67,67,94,110,135,149,184,184,261,261,273,290,59,74,23,23,53,106,106,106,141,141,141,161,161,161],"floor_reached":51,"playtime":2077,"items_purged":["Strike_G","Strike_G","Strike_G"],"score":1446,"play_id":"c08174aa-5d5d-4a70-900c-9824fea3498d","local_time":"20210530181742","is_ascension_mode":true,"campfire_choices":[{"data":"Malaise","floor":6.0,"key":"SMITH"},{"data":"Slice","floor":10.0,"key":"SMITH"},{"data":"Neutralize","floor":15.0,"key":"SMITH"},{"data":"Venomology","floor":23.0,"key":"SMITH"},{"floor":32.0,"key":"REST"},{"data":"Infinite Blades","floor":40.0,"key":"SMITH"},{"data":"Footwork","floor":44.0,"key":"SMITH"},{"data":"Cloak And Dagger","floor":46.0,"key":"SMITH"},{"floor":49,"key":"REST"}],"neow_cost":"NO_GOLD","seed_source_timestamp":37260711814500,"circlet_count":0,"master_deck":["AscendersBane","Strike_G","Defend_G","Defend_G","Defend_G","Defend_G","Defend_G","Survivor","Neutralize+1","Deflect","Endless Agony","Malaise+1","PiercingWail","Slice+1","Blade Dance","Predator","Dash","Venomology+1","CurseOfTheBell","Slice+1","Dagger Spray","Infinite Blades+1","Poisoned Stab+1","Footwork+1","PiercingWail","Die Die Die+1","Backflip","Adrenaline","Blade Dance+1","PiercingWail+1","Finesse","Cloak And Dagger+1","Finisher+1","Backstab+1","Terror"],"special_seed":0,"relics":["Ring of the Snake","Meat on the Bone","StoneCalendar","PreservedInsect","Calling Bell","Vajra","Shuriken","Peace Pipe","Bag of Marbles","Dream Catcher","White Beast Statue","Lantern","Molten Egg 2","Black Star","Unceasing Top","Akabeko","Du-Vu Doll","Nunchaku","Strawberry","Ninja Scroll"],"potions_floor_usage":[50,50,50],"damage_taken":[{"damage":1.0,"enemies":"Small Slimes","floor":1.0,"turns":4.0},{"damage":1.0,"enemies":"Cultist","floor":2.0,"turns":5.0},{"damage":0.0,"enemies":"2 Louse","floor":4.0,"turns":2.0},{"damage":14.0,"enemies":"Gremlin Gang","floor":7.0,"turns":11.0},{"damage":0.0,"enemies":"2 Fungi Beasts","floor":8.0,"turns":5.0},{"damage":15.0,"enemies":"Gremlin Nob","floor":12.0,"turns":5.0},{"damage":1.0,"enemies":"Looter","floor":13.0,"turns":4.0},{"damage":2.0,"enemies":"Lots of Slimes","floor":14.0,"turns":6.0},{"damage":38.0,"enemies":"The Guardian","floor":16.0,"turns":13.0},{"damage":1.0,"enemies":"Shell Parasite","floor":18.0,"turns":5.0},{"damage":0.0,"enemies":"Spheric Guardian","floor":21.0,"turns":3.0},{"damage":11.0,"enemies":"Snecko","floor":22.0,"turns":6.0},{"damage":10.0,"enemies":"Sentry and Sphere","floor":24.0,"turns":4.0},{"damage":0.0,"enemies":"Gremlin Leader","floor":27.0,"turns":5.0},{"damage":12.0,"enemies":"Cultist and Chosen","floor":28.0,"turns":6.0},{"damage":4.0,"enemies":"Slavers","floor":29.0,"turns":3.0},{"damage":3.0,"enemies":"Chosen and Byrds","floor":30.0,"turns":5.0},{"damage":2.0,"enemies":"Book of Stabbing","floor":31.0,"turns":6.0},{"damage":65.0,"enemies":"Automaton","floor":33.0,"turns":9.0},{"damage":7.0,"enemies":"3 Darklings","floor":35.0,"turns":3.0},{"damage":0.0,"enemies":"3 Shapes","floor":36.0,"turns":2.0},{"damage":8.0,"enemies":"Sphere and 2 Shapes","floor":38.0,"turns":4.0},{"damage":14.0,"enemies":"Nemesis","floor":41.0,"turns":5.0},{"damage":5.0,"enemies":"2 Orb Walkers","floor":42.0,"turns":4.0},{"damage":0.0,"enemies":"Reptomancer","floor":45.0,"turns":2.0},{"damage":0,"enemies":"4 Shapes","floor":48,"turns":5},{"damage":45,"enemies":"Awakened One","floor":50,"turns":11}],"seed_played":"-7774507243310228251","potions_obtained":[{"floor":1.0,"key":"Regen Potion"},{"floor":2.0,"key":"Swift Potion"},{"floor":8.0,"key":"Explosive Potion"},{"floor":12.0,"key":"Weak Potion"},{"floor":13.0,"key":"DistilledChaos"},{"floor":14.0,"key":"PowerPotion"},{"floor":21.0,"key":"Block Potion"},{"floor":27.0,"key":"Weak Potion"},{"floor":28.0,"key":"Energy Potion"},{"floor":29.0,"key":"SkillPotion"},{"floor":30.0,"key":"GamblersBrew"},{"floor":33.0,"key":"SteroidPotion"},{"floor":35.0,"key":"BlessingOfTheForge"},{"floor":36.0,"key":"SkillPotion"},{"floor":41.0,"key":"FearPotion"},{"floor":42.0,"key":"CultistPotion"},{"floor":45.0,"key":"BlessingOfTheForge"}],"is_trial":false,"path_per_floor":["M","M","?","M","?","R","M","M","T","R","?","E","M","M","R","B",null,"M","?","$","M","M","R","M","$","T","E","M","E","M","E","R","B",null,"M","M","$","M","$","R","E","?","T","R","E","R","?","M","R","B",null],"character_chosen":"THE_SILENT","items_purchased":["Bag of Marbles","Finesse","Cloak And Dagger","Dexterity Potion"],"campfire_rested":2,"item_purchase_floors":[20,37,37,39],"current_hp_per_floor":[70,69,69,69,69,69,70,70,70,70,44,41,40,50,50,24,65,64,64,64,64,53,53,43,43,43,43,43,51,48,46,69,16,63,56,56,56,48,48,48,46,41,41,41,48,48,48,48,73,40],"gold":161,"neow_bonus":"TWENTY_PERCENT_HP_BONUS","is_prod":false,"is_daily":false,"chose_seed":false,"campfire_upgraded":7,"win_rate":0,"timestamp":1622423862,"path_taken":["M","M","?","?","?","R","M","?","T","R","?","E","M","M","R","BOSS","M","?","$","M","M","R","M","$","T","E","M","E","M","E","R","BOSS","M","M","$","M","?","R","E","?","T","R","E","R","?","M","R","BOSS"],"build_version":"2020-12-22","purchased_purges":3,"victory":true,"max_hp_per_floor":[78,78,78,78,78,78,78,78,78,78,78,78,78,78,78,78,78,78,78,78,78,78,78,78,78,78,78,78,78,78,78,78,78,78,78,78,78,78,78,78,78,78,78,78,85,85,85,85,85,85],"card_choices":[{"not_picked":["Blur","Infinite Blades"],"picked":"Deflect","floor":1.0},{"not_picked":["Prepared","Dodge and Roll"],"picked":"Endless Agony","floor":2.0},{"not_picked":["Poisoned Stab","Riddle With Holes"],"picked":"Malaise","floor":4.0},{"not_picked":["Underhanded Strike","Bane"],"picked":"PiercingWail","floor":7.0},{"not_picked":["Backflip","Prepared"],"picked":"Slice","floor":8.0},{"not_picked":["Sucker Punch","Distraction"],"picked":"Blade Dance","floor":12.0},{"not_picked":["Distraction","Tactician"],"picked":"Predator","floor":13.0},{"not_picked":["Accuracy","Deadly Poison"],"picked":"Dash","floor":14.0},{"not_picked":["Burst","Grand Finale"],"picked":"Venomology","floor":16.0},{"not_picked":["Deadly Poison","PiercingWail"],"picked":"Slice+1","floor":18.0},{"not_picked":["Skewer+1","Dagger Spray","Acrobatics"],"picked":"SKIP","floor":21.0},{"not_picked":["Well Laid Plans","Quick Slash","Accuracy"],"picked":"SKIP","floor":22.0},{"not_picked":["Dagger Throw+1","Blade Dance"],"picked":"Poisoned Stab+1","floor":24.0},{"not_picked":["Reflex","Doppelganger","Dash"],"picked":"SKIP","floor":27.0},{"not_picked":["Riddle With Holes","PiercingWail"],"picked":"Footwork","floor":28.0},{"not_picked":["Accuracy","Bullet Time","Riddle With Holes"],"picked":"SKIP","floor":29.0},{"not_picked":["Expertise","Underhanded Strike"],"picked":"PiercingWail","floor":30.0},{"not_picked":["Prepared","Eviscerate+1"],"picked":"Die Die Die+1","floor":31.0},{"not_picked":["Poisoned Stab+1","Terror"],"picked":"Backflip","floor":32.0},{"not_picked":["Doppelganger","Corpse Explosion"],"picked":"Adrenaline","floor":33.0},{"not_picked":["Flying Knee+1","Dodge and Roll"],"picked":"Blade Dance+1","floor":35.0},{"not_picked":["Flying Knee+1","Masterful Stab+1"],"picked":"PiercingWail+1","floor":36.0},{"not_picked":["Flechettes+1","Slice+1","Infinite Blades"],"picked":"SKIP","floor":38.0},{"not_picked":["Noxious Fumes","Bouncing Flask"],"picked":"Finisher+1","floor":41.0},{"not_picked":["Adrenaline","Choke+1"],"picked":"Backstab+1","floor":42.0},{"not_picked":["Skewer+1","Dagger Throw+1","Envenom"],"picked":"SKIP","floor":45.0},{"not_picked":["Skewer+1","Dagger Throw+1","Envenom"],"picked":"SKIP","floor":45.0},{"not_picked":["Prepared","Tactician","Slice+1"],"picked":"SKIP","floor":48},{"not_picked":["Dagger Spray+1","Poisoned Stab+1"],"picked":"Terror","floor":49}],"player_experience":4834492,"relics_obtained":[{"floor":9.0,"key":"Meat on the Bone"},{"floor":12.0,"key":"PreservedInsect"},{"floor":17.0,"key":"Vajra"},{"floor":17.0,"key":"Shuriken"},{"floor":17.0,"key":"Peace Pipe"},{"floor":26.0,"key":"Dream Catcher"},{"floor":27.0,"key":"White Beast Statue"},{"floor":29.0,"key":"Lantern"},{"floor":31.0,"key":"Molten Egg 2"},{"floor":41.0,"key":"Unceasing Top"},{"floor":41.0,"key":"Akabeko"},{"floor":42.0,"key":"Du-Vu Doll"},{"floor":43.0,"key":"Nunchaku"},{"floor":45.0,"key":"Strawberry"},{"floor":45.0,"key":"Ninja Scroll"}],"event_choices":[{"damage_healed":0.0,"max_hp_gain":0.0,"max_hp_loss":0.0,"gold_gain":50.0,"event_name":"Golden Shrine","player_choice":"Pray","floor":3.0,"gold_loss":0.0,"damage_taken":0.0},{"cards_removed":["Strike_G"],"damage_healed":0.0,"max_hp_gain":0.0,"max_hp_loss":0.0,"gold_gain":0.0,"event_name":"Bonfire Elementals","player_choice":"Offered Basic","floor":5.0,"gold_loss":0.0,"damage_taken":0.0},{"damage_healed":0.0,"max_hp_gain":0.0,"max_hp_loss":0.0,"gold_gain":0.0,"event_name":"Scrap Ooze","player_choice":"Success","floor":11.0,"gold_loss":0.0,"damage_taken":26.0,"relics_obtained":["StoneCalendar"]},{"damage_healed":0.0,"max_hp_gain":0.0,"max_hp_loss":0.0,"gold_gain":0.0,"event_name":"Match and Keep!","player_choice":"2 cards matched","floor":19.0,"gold_loss":0.0,"damage_taken":0.0,"cards_obtained":["Dagger Spray","Infinite Blades"]},{"damage_healed":0.0,"max_hp_gain":0.0,"max_hp_loss":0.0,"gold_gain":0.0,"event_name":"Mysterious Sphere","player_choice":"Fight","floor":42.0,"gold_loss":0.0,"damage_taken":0.0},{"damage_healed":0,"gold_gain":0,"player_choice":"Ignored","damage_taken":0,"max_hp_gain":0,"max_hp_loss":0,"event_name":"Transmorgrifier","floor":47,"gold_loss":0}],"is_beta":false,"boss_relics":[{"not_picked":["Cursed Key","Pandora\u0027s Box"],"picked":"Calling Bell"},{"not_picked":["Runic Pyramid","Ring of the Serpent"],"picked":"Black Star"}],"items_purged_floors":[20,25,37],"is_endless":false,"potions_floor_spawned":[1,2,8,12,13,14,21,27,28,29,30,31,33,35,36,38,41,42,45,48],"ascension_level":15}