{"gold_per_floor":[119,136,148,298,79,79,114,130,130,158,158,188,200,213,213,284,284,297,297,222,122,136,136],"floor_reached":23,"playtime":766,"items_purged":["Doubt","Strike_G"],"score":369,"play_id":"ab4725a3-7f7c-4818-a6a7-ff7434d7b1ec","local_time":"20210601192311","is_ascension_mode":true,"campfire_choices":[{"data":"Glass Knife","floor":6.0,"key":"SMITH"},{"floor":11,"key":"REST"},{"data":"Masterful Stab","floor":15,"key":"SMITH"}],"neow_cost":"NONE","seed_source_timestamp":215438429836500,"circlet_count":0,"master_deck":["AscendersBane","Strike_G","Strike_G","Strike_G","Defend_G","Defend_G","Defend_G","Defend_G","Defend_G","Survivor","Neutralize","Infinite Blades","Dagger Spray","Glass Knife+1","Leg Sweep","Adrenaline","Slice","Caltrops","Masterful Stab+1","Phantasmal Killer"],"special_seed":0,"relics":["Ring of the Snake","Anchor","Dream Catcher","MealTicket","Sundial","Torii","HoveringKite"],"potions_floor_usage":[10,10,12,16,16,22],"damage_taken":[{"damage":1.0,"enemies":"Cultist","floor":1.0,"turns":5.0},{"damage":1.0,"enemies":"2 Louse","floor":2.0,"turns":3.0},{"damage":4.0,"enemies":"Jaw Worm","floor":3.0,"turns":4.0},{"damage":30.0,"enemies":"Lagavulin","floor":7.0,"turns":8.0},{"damage":0.0,"enemies":"2 Fungi Beasts","floor":8.0,"turns":4.0},{"damage":10,"enemies":"3 Sentries","floor":10,"turns":5},{"damage":17,"enemies":"Lagavulin","floor":12,"turns":10},{"damage":0,"enemies":"Looter","floor":13,"turns":2},{"damage":0,"enemies":"Gremlin Gang","floor":14,"turns":3},{"damage":8,"enemies":"Slime Boss","floor":16,"turns":10},{"damage":33,"enemies":"Spheric Guardian","floor":18,"turns":4},{"damage":10,"enemies":"Shell Parasite","floor":22,"turns":5},{"damage":29,"enemies":"Gremlin Leader","floor":23,"turns":4}],"seed_played":"-1407316423118313131","potions_obtained":[{"floor":0.0,"key":"EntropicBrew"},{"floor":0.0,"key":"Fire Potion"},{"floor":10,"key":"SneckoOil"},{"floor":12,"key":"DuplicationPotion"},{"floor":16,"key":"FearPotion"},{"floor":18,"key":"SpeedPotion"}],"is_trial":false,"path_per_floor":["M","M","M","?","$","R","E","M","T","E","R","E","M","M","R","B",null,"M","?","?","$","M","E"],"character_chosen":"THE_SILENT","items_purchased":["Anchor"],"campfire_rested":1,"item_purchase_floors":[5],"current_hp_per_floor":[58,57,53,53,53,53,23,23,23,13,32,15,15,15,15,7,51,18,18,18,33,23,0],"gold":136,"neow_bonus":"THREE_SMALL_POTIONS","is_prod":false,"is_daily":false,"chose_seed":false,"campfire_upgraded":2,"win_rate":0,"timestamp":1622600591,"path_taken":["M","?","M","?","$","R","E","M","T","E","R","E","M","M","R","BOSS","M","?","?","$","M","E"],"build_version":"2020-12-22","purchased_purges":2,"victory":false,"max_hp_per_floor":[66,66,66,66,66,66,66,66,66,66,66,66,66,66,66,66,66,66,66,66,66,66,66],"card_choices":[{"not_picked":["Deflect","Well Laid Plans"],"picked":"Infinite Blades","floor":1.0},{"not_picked":["Eviscerate","Flying Knee"],"picked":"Dagger Spray","floor":2.0},{"not_picked":["Flying Knee","Backflip"],"picked":"Glass Knife","floor":3.0},{"not_picked":["Expertise","Slice"],"picked":"Leg Sweep","floor":7.0},{"not_picked":["Deadly Poison","Outmaneuver","Distraction"],"picked":"SKIP","floor":8.0},{"not_picked":["PiercingWail","Flying Knee"],"picked":"Adrenaline","floor":10},{"not_picked":["Dagger Throw","Dodge and Roll"],"picked":"Slice","floor":11},{"not_picked":["Eviscerate","Tactician"],"picked":"Caltrops","floor":12},{"not_picked":["Well Laid Plans","Acrobatics","Sucker Punch"],"picked":"SKIP","floor":13},{"not_picked":["Prepared","Dagger Spray"],"picked":"Masterful Stab","floor":14},{"not_picked":["Bullet Time","Corpse Explosion"],"picked":"Phantasmal Killer","floor":16},{"not_picked":["Distraction","Choke","Poisoned Stab"],"picked":"SKIP","floor":18},{"not_picked":["Accuracy","Flying Knee","Expertise+1"],"picked":"SKIP","floor":22}],"player_experience":4838644,"relics_obtained":[{"floor":7.0,"key":"Dream Catcher"},{"floor":9.0,"key":"MealTicket"},{"floor":10,"key":"Sundial"},{"floor":12,"key":"Torii"}],"event_choices":[{"damage_healed":0.0,"max_hp_gain":0.0,"max_hp_loss":0.0,"gold_gain":150.0,"event_name":"Liars Game","player_choice":"AGREE","floor":4.0,"gold_loss":0.0,"damage_taken":0.0,"cards_obtained":["Doubt"]},{"damage_healed":0,"gold_gain":0,"player_choice":"Ignored","damage_taken":0,"max_hp_gain":0,"max_hp_loss":0,"event_name":"Cursed Tome","floor":19,"gold_loss":0},{"cards_removed":["Strike_G"],"damage_healed":0,"gold_gain":0,"player_choice":"Gave Gold","damage_taken":0,"max_hp_gain":0,"max_hp_loss":0,"event_name":"Beggar","floor":20,"gold_loss":75}],"is_beta":false,"boss_relics":[{"not_picked":["Empty Cage","Busted Crown"],"picked":"HoveringKite"}],"items_purged_floors":[5,21],"is_endless":false,"potions_floor_spawned":[2,10,12,14,16,18],"killed_by":"Gremlin Leader","ascension_level":15}