{"gold_per_floor":[117,132,11,27,27,27,55,55,100,50,75,90,18,38,38,117,117,129,129,53,53,3,3,23,49,49,59,59,76,107,138,150,234,246,274,286,2,19,39,65,65,84,108,108],"floor_reached":44,"playtime":1890,"items_purged":["Strike_G","Strike_G","Strike_G","Strike_G"],"score":894,"play_id":"f33a129e-dd29-4999-9e30-5d5a7257572f","local_time":"20210607144856","is_ascension_mode":true,"campfire_choices":[{"data":"Neutralize","floor":6,"key":"SMITH"},{"data":"Caltrops","floor":8,"key":"SMITH"},{"data":"Footwork","floor":15,"key":"SMITH"},{"floor":23,"key":"REST"},{"floor":28,"key":"REST"},{"floor":32,"key":"RECALL"},{"floor":41,"key":"REST"}],"neow_cost":"NONE","seed_source_timestamp":194210440994700,"circlet_count":0,"master_deck":["AscendersBane","Strike_G+1","Defend_G","Defend_G","Defend_G","Defend_G","Defend_G","Survivor","Neutralize+1","Flying Knee+1","Footwork","Caltrops+1","Dagger Spray+1","Dodge and Roll","Cloak And Dagger","Deflect","Dagger Throw","Footwork+1","Wraith Form v2","Dodge and Roll","PiercingWail","Noxious Fumes","Blur","Backflip+1","Poisoned Stab","Die Die Die","Envenom","Deadly Poison","Backflip","Infinite Blades+1","PiercingWail","Footwork"],"relics":["Ring of the Snake","Lantern","Smiling Mask","Whetstone","Odd Mushroom","Fusion Hammer","Enchiridion","Toy Ornithopter","Bird Faced Urn","MawBank","SacredBark","Snake Skull","Shuriken","Ancient Tea Set"],"potions_floor_usage":[16,25,30,33,40],"damage_taken":[{"damage":4,"enemies":"Jaw Worm","floor":1,"turns":4},{"damage":1,"enemies":"Cultist","floor":2,"turns":4},{"damage":0,"enemies":"2 Louse","floor":4,"turns":2},{"damage":27,"enemies":"Gremlin Nob","floor":7,"turns":5},{"damage":14,"enemies":"3 Sentries","floor":11,"turns":8},{"damage":0,"enemies":"Blue Slaver","floor":12,"turns":3},{"damage":6,"enemies":"The Mushroom Lair","floor":14,"turns":5},{"damage":2,"enemies":"Hexaghost","floor":16,"turns":11},{"damage":0,"enemies":"Chosen","floor":18,"turns":6},{"damage":0,"enemies":"3 Byrds","floor":24,"turns":5},{"damage":17,"enemies":"Slavers","floor":25,"turns":5},{"damage":0,"enemies":"3 Cultists","floor":27,"turns":6},{"damage":8,"enemies":"Snake Plant","floor":29,"turns":5},{"damage":0,"enemies":"Book of Stabbing","floor":30,"turns":6},{"damage":0,"enemies":"Shelled Parasite and Fungi","floor":31,"turns":7},{"damage":73,"enemies":"Champ","floor":33,"turns":22},{"damage":21,"enemies":"3 Darklings","floor":35,"turns":7},{"damage":0,"enemies":"Orb Walker","floor":38,"turns":5},{"damage":0,"enemies":"Jaw Worm Horde","floor":39,"turns":6},{"damage":65,"enemies":"Reptomancer","floor":40,"turns":6},{"damage":16,"enemies":"Sphere and 2 Shapes","floor":42,"turns":7},{"damage":66,"enemies":"Transient","floor":44,"turns":4}],"seed_played":"878215222270869935","potions_obtained":[{"floor":4,"key":"LiquidBronze"},{"floor":11,"key":"Fruit Juice"},{"floor":16,"key":"AttackPotion"},{"floor":25,"key":"DistilledChaos"},{"floor":33,"key":"AttackPotion"}],"is_trial":false,"path_per_floor":["M","M","$","M","?","R","E","R","T","$","E","M","$","?","R","B",null,"M","?","$","?","$","R","M","E","T","M","R","M","E","M","R","B",null,"M","?","$","M","M","E","R","M","T","M"],"character_chosen":"THE_SILENT","items_purchased":["Caltrops","Dagger Spray","Footwork","PiercingWail","Snake Skull","Backflip","Dexterity Potion"],"campfire_rested":3,"item_purchase_floors":[3,3,13,20,37,37,37],"current_hp_per_floor":[61,60,60,60,60,60,33,33,33,33,19,19,19,13,13,16,62,62,41,41,19,19,43,43,26,26,36,60,62,77,82,82,15,65,56,56,56,68,78,25,49,47,47,0],"gold":108,"neow_bonus":"TEN_PERCENT_HP_BONUS","is_prod":false,"is_daily":false,"chose_seed":false,"campfire_upgraded":3,"win_rate":0,"timestamp":1623102536,"path_taken":["M","M","$","M","?","R","E","R","T","$","E","M","?","?","R","BOSS","M","?","$","?","?","R","M","E","T","?","R","M","E","M","R","BOSS","M","?","$","M","M","E","R","M","T","M"],"build_version":"2020-12-22","purchased_purges":4,"victory":false,"max_hp_per_floor":[72,72,72,72,72,72,72,72,72,72,72,72,72,72,72,77,77,77,77,77,82,82,82,82,82,82,82,82,82,82,82,82,82,82,82,82,82,82,82,82,82,82,82,82],"card_choices":[{"not_picked":["Deadly Poison","Prepared"],"picked":"Flying Knee","floor":1},{"not_picked":["Outmaneuver","Poisoned Stab"],"picked":"Footwork","floor":2},{"not_picked":["Skewer","Well Laid Plans"],"picked":"Dodge and Roll","floor":4},{"not_picked":["Accuracy","Underhanded Strike"],"picked":"Cloak And Dagger","floor":7},{"not_picked":["Quick Slash","Dodge and Roll"],"picked":"Deflect","floor":11},{"not_picked":["Slice","Sucker Punch"],"picked":"Dagger Throw","floor":12},{"not_picked":["Bullet Time","Night Terror"],"picked":"Wraith Form v2","floor":16},{"not_picked":["Cloak And Dagger","Deflect"],"picked":"Dodge and Roll","floor":18},{"not_picked":["Infinite Blades","Backflip"],"picked":"Noxious Fumes","floor":24},{"not_picked":["Storm of Steel","Choke","Catalyst"],"picked":"SKIP","floor":25},{"not_picked":["Skewer+1","Bane+1"],"picked":"Blur","floor":27},{"not_picked":["Expertise","Concentrate+1"],"picked":"Backflip+1","floor":29},{"not_picked":["Underhanded Strike","Calculated Gamble"],"picked":"Poisoned Stab","floor":30},{"not_picked":["Acrobatics","Terror"],"picked":"Die Die Die","floor":31},{"not_picked":["Phantasmal Killer","Wraith Form v2"],"picked":"Envenom","floor":33},{"not_picked":["Terror","Prepared"],"picked":"Deadly Poison","floor":35},{"not_picked":["Acrobatics","Bane","All Out Attack"],"picked":"SKIP","floor":38},{"not_picked":["Distraction","Sucker Punch"],"picked":"Infinite Blades+1","floor":39},{"not_picked":["Finisher","Dagger Throw+1"],"picked":"PiercingWail","floor":40},{"not_picked":["Terror","Flying Knee+1"],"picked":"Footwork","floor":42}],"player_experience":4863189,"relics_obtained":[{"floor":7,"key":"Lantern"},{"floor":9,"key":"Smiling Mask"},{"floor":11,"key":"Whetstone"},{"floor":14,"key":"Odd Mushroom"},{"floor":19,"key":"Enchiridion"},{"floor":25,"key":"Toy Ornithopter"},{"floor":26,"key":"Bird Faced Urn"},{"floor":30,"key":"MawBank"},{"floor":40,"key":"Shuriken"},{"floor":43,"key":"Ancient Tea Set"}],"event_choices":[{"damage_healed":0,"gold_gain":0,"player_choice":"Forge","damage_taken":0,"max_hp_gain":0,"max_hp_loss":0,"event_name":"Accursed Blacksmith","floor":5,"gold_loss":0,"cards_upgraded":["Dagger Spray"]},{"damage_healed":0,"gold_gain":0,"player_choice":"Fought Mushrooms","damage_taken":0,"max_hp_gain":0,"max_hp_loss":0,"event_name":"Mushrooms","floor":14,"gold_loss":0},{"damage_healed":0,"gold_gain":0,"player_choice":"Obtained Book","damage_taken":21,"max_hp_gain":0,"max_hp_loss":0,"event_name":"Cursed Tome","floor":19,"gold_loss":0},{"damage_healed":0,"gold_gain":0,"player_choice":"Shed Blood","damage_taken":27,"max_hp_gain":5,"max_hp_loss":0,"event_name":"Forgotten Altar","floor":21,"gold_loss":0},{"damage_healed":0,"gold_gain":0,"player_choice":"Ignored","damage_taken":0,"max_hp_gain":0,"max_hp_loss":0,"event_name":"Mysterious Sphere","floor":36,"gold_loss":0}],"is_beta":false,"boss_relics":[{"not_picked":["Snecko Eye","Runic Dome"],"picked":"Fusion Hammer"},{"not_picked":["WristBlade","Sozu"],"picked":"SacredBark"}],"items_purged_floors":[10,20,22,37],"is_endless":false,"potions_floor_spawned":[4,11,16,25,27,33,39],"killed_by":"Transient","ascension_level":15}