{"gold_per_floor":[110,110,126,126,143,143,155,186,213,238,274,274,287,287,287,367,367,395,413,437,465,247,247,290,290,299,324,324,351,379,413,413,493,493,513,547,575,595,595,595,309,330,330,370,370,396,87,114,114,114],"floor_reached":51,"playtime":2066,"items_purged":["Strike_G"],"score":1422,"play_id":"2b4a1c31-0b64-45d9-a4d3-45068bbd71db","local_time":"20210606154922","is_ascension_mode":true,"campfire_choices":[{"data":"Neutralize","floor":6.0,"key":"SMITH"},{"data":"Footwork","floor":12.0,"key":"SMITH"},{"data":"Predator","floor":15.0,"key":"SMITH"},{"data":"Noxious Fumes","floor":23.0,"key":"SMITH"},{"floor":25.0,"key":"REST"},{"floor":32.0,"key":"REST"},{"floor":40.0,"key":"REST"},{"data":"Well Laid Plans","floor":49,"key":"SMITH"}],"neow_cost":"NONE","seed_source_timestamp":111097631586400,"circlet_count":0,"master_deck":["AscendersBane","Defend_G+1","Defend_G","Defend_G","Defend_G","Defend_G","Survivor","Neutralize+1","Slice","Dodge and Roll","All Out Attack","Footwork+1","Dash","Predator+1","Flying Knee","Adrenaline+1","Backflip","Noxious Fumes+1","Underhanded Strike","Dagger Throw+1","Tactician","PiercingWail","Reflex+1","Dagger Spray","Bouncing Flask","Escape Plan","Envenom","Blade Dance+1","Acrobatics","Deflect","Footwork","Well Laid Plans+1","Backflip","Blur+1"],"special_seed":0,"relics":["Ring of the Snake","Strawberry","CeramicFish","Bronze Scales","Cursed Key","War Paint","Du-Vu Doll","Snake Skull","Juzu Bracelet","Empty Cage","Incense Burner","PreservedInsect","Singing Bowl","The Specimen","Frozen Egg 2"],"potions_floor_usage":[48,50,50],"damage_taken":[{"damage":0.0,"enemies":"Cultist","floor":1.0,"turns":3.0},{"damage":3.0,"enemies":"Jaw Worm","floor":3.0,"turns":7.0},{"damage":0.0,"enemies":"2 Louse","floor":5.0,"turns":4.0},{"damage":1.0,"enemies":"2 Fungi Beasts","floor":7.0,"turns":3.0},{"damage":10.0,"enemies":"Gremlin Nob","floor":8.0,"turns":5.0},{"damage":7.0,"enemies":"Gremlin Gang","floor":10.0,"turns":5.0},{"damage":21.0,"enemies":"Lagavulin","floor":11.0,"turns":10.0},{"damage":4.0,"enemies":"3 Louse","floor":13.0,"turns":3.0},{"damage":17.0,"enemies":"Hexaghost","floor":16.0,"turns":10.0},{"damage":0.0,"enemies":"Shell Parasite","floor":18.0,"turns":5.0},{"damage":2.0,"enemies":"Chosen","floor":20.0,"turns":5.0},{"damage":17.0,"enemies":"Snake Plant","floor":21.0,"turns":5.0},{"damage":24.0,"enemies":"Gremlin Leader","floor":24.0,"turns":6.0},{"damage":0.0,"enemies":"3 Cultists","floor":27.0,"turns":4.0},{"damage":0.0,"enemies":"Centurion and Healer","floor":29.0,"turns":6.0},{"damage":0.0,"enemies":"Cultist and Chosen","floor":30.0,"turns":4.0},{"damage":4.0,"enemies":"Book of Stabbing","floor":31.0,"turns":5.0},{"damage":32.0,"enemies":"Collector","floor":33.0,"turns":8.0},{"damage":16.0,"enemies":"3 Shapes","floor":35.0,"turns":4.0},{"damage":0.0,"enemies":"Mind Bloom Boss Battle","floor":36.0,"turns":5.0},{"damage":0.0,"enemies":"Orb Walker","floor":37.0,"turns":3.0},{"damage":7.0,"enemies":"Spire Growth","floor":38.0,"turns":5.0},{"damage":11.0,"enemies":"4 Shapes","floor":42.0,"turns":7.0},{"damage":0,"enemies":"Nemesis","floor":44,"turns":7},{"damage":1,"enemies":"Jaw Worm Horde","floor":46,"turns":4},{"damage":0,"enemies":"Giant Head","floor":48,"turns":7},{"damage":20,"enemies":"Donu and Deca","floor":50,"turns":8}],"seed_played":"-1823443512275944189","potions_obtained":[{"floor":3.0,"key":"LiquidBronze"},{"floor":5.0,"key":"DistilledChaos"},{"floor":8.0,"key":"Ancient Potion"},{"floor":10.0,"key":"Regen Potion"},{"floor":11.0,"key":"SkillPotion"},{"floor":18.0,"key":"FearPotion"},{"floor":21.0,"key":"Weak Potion"},{"floor":24.0,"key":"GamblersBrew"},{"floor":31.0,"key":"Strength Potion"},{"floor":35.0,"key":"ColorlessPotion"},{"floor":42.0,"key":"Swift Potion"},{"floor":46,"key":"LiquidMemories"},{"floor":48,"key":"DuplicationPotion"}],"is_trial":false,"path_per_floor":["M","?","M","?","M","R","M","E","T","M","E","R","M","?","R","B",null,"M","?","M","M","$","R","E","R","T","M","?","M","M","E","R","B",null,"M","?","M","M","?","R","$","M","T","E","?","M","$","E","R","B",null],"character_chosen":"THE_SILENT","items_purchased":["War Paint","Footwork","PreservedInsect","Regen Potion","The Specimen"],"campfire_rested":3,"item_purchase_floors":[22,41,41,41,47],"current_hp_per_floor":[65,65,62,52,52,52,51,48,48,41,35,35,31,31,31,14,63,63,63,61,44,44,44,20,43,43,43,37,37,37,33,56,24,65,49,49,49,42,42,65,65,69,69,69,69,68,68,70,70,50],"gold":114,"neow_bonus":"TEN_PERCENT_HP_BONUS","is_prod":false,"is_daily":false,"chose_seed":false,"campfire_upgraded":5,"win_rate":0,"timestamp":1623019762,"path_taken":["M","?","M","?","M","R","?","E","T","M","E","R","M","?","R","BOSS","M","?","M","M","$","R","E","R","T","M","?","?","M","E","R","BOSS","M","?","M","M","?","R","$","M","T","E","?","M","$","E","R","BOSS"],"build_version":"2020-12-22","purchased_purges":1,"victory":true,"max_hp_per_floor":[72,72,72,72,72,72,72,79,79,79,79,79,79,79,79,79,79,79,79,79,79,79,79,79,79,79,79,79,79,79,79,79,79,79,79,79,79,79,79,79,79,79,79,79,79,79,79,81,81,81],"card_choices":[{"not_picked":["Acrobatics","Eviscerate"],"picked":"Slice","floor":1.0},{"not_picked":["Acrobatics","Bane"],"picked":"Dodge and Roll","floor":3.0},{"not_picked":["Bane","Eviscerate"],"picked":"All Out Attack","floor":5.0},{"not_picked":["Eviscerate","PiercingWail"],"picked":"Footwork","floor":7.0},{"not_picked":["Underhanded Strike","Outmaneuver"],"picked":"Dash","floor":8.0},{"not_picked":["Acrobatics","Flying Knee"],"picked":"Predator","floor":10.0},{"not_picked":["Skewer","Sucker Punch"],"picked":"Flying Knee","floor":11.0},{"not_picked":["Sucker Punch","Underhanded Strike","Flechettes"],"picked":"SKIP","floor":13.0},{"not_picked":["Storm of Steel","Grand Finale"],"picked":"Adrenaline","floor":16.0},{"not_picked":["Slice","Distraction"],"picked":"Backflip","floor":18.0},{"not_picked":["Slice","Outmaneuver"],"picked":"Dagger Throw+1","floor":20.0},{"not_picked":["Outmaneuver","Prepared"],"picked":"Tactician","floor":21.0},{"not_picked":["Deadly Poison","Storm of Steel"],"picked":"PiercingWail","floor":24.0},{"not_picked":["Outmaneuver","Expertise"],"picked":"Reflex+1","floor":27.0},{"not_picked":["Choke","Quick Slash"],"picked":"Dagger Spray","floor":29.0},{"not_picked":["Blade Dance","Distraction"],"picked":"Bouncing Flask","floor":30.0},{"not_picked":["Slice","All Out Attack"],"picked":"Escape Plan","floor":31.0},{"not_picked":["Glass Knife","Burst"],"picked":"Envenom","floor":33.0},{"not_picked":["Expertise","Sucker Punch+1"],"picked":"Blade Dance+1","floor":35.0},{"not_picked":["Bouncing Flask","Distraction"],"picked":"Acrobatics","floor":36.0},{"not_picked":["Crippling Poison","Caltrops"],"picked":"Deflect","floor":37.0},{"not_picked":["Dash","Prepared","Bane+1"],"picked":"SKIP","floor":38.0},{"not_picked":["Skewer","Escape Plan"],"picked":"Well Laid Plans","floor":42.0},{"not_picked":["Caltrops+1","Infinite Blades"],"picked":"Backflip","floor":44},{"not_picked":["Dagger Throw","Catalyst"],"picked":"Blur+1","floor":46},{"not_picked":["Deflect","Bouncing Flask","Distraction+1"],"picked":"Singing Bowl","floor":48}],"player_experience":4853356,"relics_obtained":[{"floor":8.0,"key":"Strawberry"},{"floor":9.0,"key":"CeramicFish"},{"floor":11.0,"key":"Bronze Scales"},{"floor":24.0,"key":"Du-Vu Doll"},{"floor":26.0,"key":"Snake Skull"},{"floor":31.0,"key":"Juzu Bracelet"},{"floor":36.0,"key":"Incense Burner"},{"floor":44,"key":"Singing Bowl"},{"floor":48,"key":"Frozen Egg 2"}],"event_choices":[{"damage_healed":0.0,"max_hp_gain":0.0,"max_hp_loss":0.0,"gold_gain":0.0,"event_name":"Scrap Ooze","player_choice":"Fled","floor":2.0,"gold_loss":0.0,"damage_taken":0.0},{"damage_healed":0.0,"max_hp_gain":0.0,"max_hp_loss":0.0,"gold_gain":0.0,"event_name":"Wheel of Change","player_choice":"Damaged","floor":4.0,"gold_loss":0.0,"damage_taken":10.0},{"damage_healed":0.0,"max_hp_gain":0.0,"max_hp_loss":0.0,"gold_gain":0.0,"event_name":"Liars Game","player_choice":"Ignored","floor":14.0,"gold_loss":0.0,"damage_taken":0.0},{"damage_healed":0.0,"max_hp_gain":0.0,"max_hp_loss":0.0,"gold_gain":0.0,"cards_transformed":["Strike_G","Strike_G"],"event_name":"Drug Dealer","player_choice":"Became Test Subject","floor":19.0,"gold_loss":0.0,"damage_taken":0.0,"cards_obtained":["Noxious Fumes","Underhanded Strike"]},{"damage_healed":0.0,"max_hp_gain":0.0,"max_hp_loss":0.0,"gold_gain":0.0,"event_name":"Knowing Skull","player_choice":"","floor":28.0,"potions_obtained":[],"gold_loss":0.0,"damage_taken":6.0,"cards_obtained":[]},{"damage_healed":0.0,"max_hp_gain":0.0,"max_hp_loss":0.0,"gold_gain":0.0,"event_name":"MindBloom","player_choice":"Fight","floor":36.0,"gold_loss":0.0,"damage_taken":0.0},{"cards_removed":["Clumsy"],"damage_healed":0.0,"max_hp_gain":0.0,"max_hp_loss":0.0,"gold_gain":0.0,"event_name":"Fountain of Cleansing","player_choice":"Removed Curses","floor":39.0,"gold_loss":0.0,"damage_taken":0.0},{"damage_healed":0,"gold_gain":0,"player_choice":"Ignored","damage_taken":0,"max_hp_gain":0,"max_hp_loss":0,"event_name":"Tomb of Lord Red Mask","floor":45,"gold_loss":0}],"is_beta":false,"boss_relics":[{"not_picked":["Busted Crown","Tiny House"],"picked":"Cursed Key"},{"not_picked":["Pandora\u0027s Box","Runic Dome"],"picked":"Empty Cage"}],"items_purged_floors":[22],"is_endless":false,"potions_floor_spawned":[3,5,8,10,11,18,21,24,31,35,42,46,48],"ascension_level":15}