{"gold_per_floor":[115,115,125,136,136,136,169,169,169,169,189,205,238,256,256,332,332,344,394,239,239,239,239,269,269,269,298,315,342,181,191,191,277,277,291,309,332,158,184,209,59,59,59,59,86,36,51,79,79,79],"floor_reached":51,"playtime":1937,"items_purged":["Strike_G","Strike_G","Strike_G","Strike_G"],"score":1445,"play_id":"214947c0-c66b-47d9-bb29-d0c15aa00142","local_time":"20210617185813","is_ascension_mode":true,"campfire_choices":[{"data":"Dagger Spray","floor":6.0,"key":"SMITH"},{"data":"Neutralize","floor":8.0,"key":"SMITH"},{"data":"Adrenaline","floor":10.0,"key":"SMITH"},{"data":"Noxious Fumes","floor":15.0,"key":"SMITH"},{"data":"Blade Dance","floor":23.0,"key":"SMITH"},{"data":"Poisoned Stab","floor":25.0,"key":"SMITH"},{"floor":32.0,"key":"REST"},{"data":"Blur","floor":44,"key":"SMITH"},{"floor":49,"key":"REST"}],"neow_cost":"NONE","seed_source_timestamp":83173242018000,"circlet_count":0,"master_deck":["AscendersBane","Strike_G","Defend_G","Defend_G","Defend_G","Defend_G","Defend_G","Survivor","Neutralize+1","Quick Slash","Dagger Spray+1","Adrenaline+1","Blade Dance+1","Poisoned Stab+1","Blur+1","Noxious Fumes+1","Venomology+1","Dodge and Roll+1","PiercingWail","Finisher","Dagger Spray+1","Backflip+1","Well Laid Plans+1","Infinite Blades","Adrenaline","PiercingWail","Quick Slash+1"],"special_seed":0,"relics":["Ring of the Snake","NeowsBlessing","InkBottle","Shuriken","Torii","Philosopher\u0027s Stone","Omamori","Du-Vu Doll","Vajra","CeramicFish","SacredBark","Juzu Bracelet","Pear","Strawberry","Sundial"],"potions_floor_usage":[36,37,37,40,45,48,50,50,50],"damage_taken":[{"damage":0.0,"enemies":"Cultist","floor":1.0,"turns":1.0},{"damage":0.0,"enemies":"Small Slimes","floor":3.0,"turns":1.0},{"damage":0.0,"enemies":"Jaw Worm","floor":4.0,"turns":1.0},{"damage":25.0,"enemies":"Gremlin Nob","floor":7.0,"turns":4.0},{"damage":8.0,"enemies":"Gremlin Gang","floor":11.0,"turns":4.0},{"damage":0.0,"enemies":"3 Louse","floor":12.0,"turns":1.0},{"damage":7.0,"enemies":"3 Sentries","floor":13.0,"turns":3.0},{"damage":7.0,"enemies":"Exordium Wildlife","floor":14.0,"turns":4.0},{"damage":1.0,"enemies":"Hexaghost","floor":16.0,"turns":6.0},{"damage":6.0,"enemies":"3 Byrds","floor":18.0,"turns":3.0},{"damage":3.0,"enemies":"Slavers","floor":24.0,"turns":5.0},{"damage":0.0,"enemies":"Gremlin Leader","floor":27.0,"turns":3.0},{"damage":0.0,"enemies":"Shell Parasite","floor":28.0,"turns":1.0},{"damage":0.0,"enemies":"3 Cultists","floor":31.0,"turns":4.0},{"damage":13.0,"enemies":"Champ","floor":33.0,"turns":8.0},{"damage":1,"enemies":"Orb Walker","floor":35,"turns":3},{"damage":0,"enemies":"3 Shapes","floor":36,"turns":3},{"damage":0,"enemies":"Sphere and 2 Shapes","floor":37,"turns":3},{"damage":0,"enemies":"3 Darklings","floor":39,"turns":4},{"damage":23,"enemies":"Nemesis","floor":40,"turns":5},{"damage":0,"enemies":"Reptomancer","floor":45,"turns":2},{"damage":12,"enemies":"Writhing Mass","floor":47,"turns":5},{"damage":6,"enemies":"Giant Head","floor":48,"turns":7},{"damage":2,"enemies":"Time Eater","floor":50,"turns":7}],"seed_played":"11933462874630781","potions_obtained":[{"floor":1.0,"key":"AttackPotion"},{"floor":3.0,"key":"Weak Potion"},{"floor":5.0,"key":"Strength Potion"},{"floor":5.0,"key":"CultistPotion"},{"floor":14.0,"key":"GhostInAJar"},{"floor":16.0,"key":"ColorlessPotion"},{"floor":24.0,"key":"DistilledChaos"},{"floor":33.0,"key":"AttackPotion"},{"floor":40,"key":"SteroidPotion"},{"floor":48,"key":"EssenceOfSteel"}],"is_trial":false,"path_per_floor":["M","?","M","M","?","R","E","R","T","R","M","M","E","M","R","B",null,"M","?","$","?","?","R","E","R","T","E","M","T","$","M","R","B",null,"M","M","M","$","M","E","$","?","T","R","E","$","M","E","R","B",null],"character_chosen":"THE_SILENT","items_purchased":["PiercingWail","Finisher","Infinite Blades","SpeedPotion","Dexterity Potion"],"campfire_rested":2,"item_purchase_floors":[20,20,30,38,46],"current_hp_per_floor":[59,64,64,64,64,64,39,39,39,39,31,31,24,17,17,16,57,51,51,51,51,51,51,48,48,48,48,48,48,48,48,69,56,67,66,66,66,66,66,43,43,43,53,53,60,60,48,42,68,66],"gold":79,"neow_bonus":"THREE_ENEMY_KILL","is_prod":false,"is_daily":false,"chose_seed":false,"campfire_upgraded":7,"win_rate":0,"timestamp":1623981493,"path_taken":["M","?","M","M","?","R","E","R","T","R","?","M","E","M","R","BOSS","M","?","$","?","?","R","E","R","T","E","?","?","$","M","R","BOSS","M","M","M","$","?","E","$","?","T","R","E","?","M","E","R","BOSS"],"build_version":"2020-12-22","purchased_purges":4,"victory":true,"max_hp_per_floor":[66,71,71,71,71,71,71,71,71,71,71,71,71,71,71,71,71,71,71,71,71,71,71,71,71,71,71,71,71,71,71,71,71,71,71,71,71,71,71,71,71,71,81,81,88,88,88,88,88,88],"card_choices":[{"not_picked":["Prepared","Acrobatics"],"picked":"Quick Slash","floor":1.0},{"not_picked":["Escape Plan","Sucker Punch"],"picked":"Dagger Spray","floor":3.0},{"not_picked":["Outmaneuver","Blade Dance"],"picked":"Adrenaline","floor":4.0},{"not_picked":["Underhanded Strike","Tactician","Outmaneuver"],"picked":"SKIP","floor":7.0},{"not_picked":["Backflip","Deflect"],"picked":"Blade Dance","floor":11.0},{"not_picked":["Bane","Tactician"],"picked":"Poisoned Stab","floor":12.0},{"not_picked":["Underhanded Strike","Predator"],"picked":"Blur","floor":13.0},{"not_picked":["Outmaneuver","Tools of the Trade"],"picked":"Noxious Fumes","floor":14.0},{"not_picked":["Doppelganger","Wraith Form v2"],"picked":"Venomology","floor":16.0},{"not_picked":["Deadly Poison","Caltrops"],"picked":"Dodge and Roll+1","floor":18.0},{"not_picked":["Backflip","Wraith Form v2"],"picked":"Dagger Spray+1","floor":24.0},{"not_picked":["Dagger Spray","Die Die Die"],"picked":"Backflip+1","floor":27.0},{"not_picked":["Acrobatics","Deflect"],"picked":"Well Laid Plans+1","floor":28.0},{"not_picked":["Acrobatics","Infinite Blades+1","Dagger Spray"],"picked":"SKIP","floor":31.0},{"not_picked":["A Thousand Cuts","Unload"],"picked":"Adrenaline","floor":33.0},{"not_picked":["Cloak And Dagger","Predator","Dagger Throw"],"picked":"SKIP","floor":35},{"not_picked":["Noxious Fumes","Poisoned Stab","Deadly Poison"],"picked":"SKIP","floor":36},{"not_picked":["Skewer+1","Deadly Poison"],"picked":"PiercingWail","floor":37},{"not_picked":["Dodge and Roll","Crippling Poison"],"picked":"Quick Slash+1","floor":39},{"not_picked":["Accuracy","Dagger Throw","A Thousand Cuts"],"picked":"SKIP","floor":40},{"not_picked":["Endless Agony","Flying Knee","Prepared"],"picked":"SKIP","floor":45},{"not_picked":["Prepared","Underhanded Strike","Footwork"],"picked":"SKIP","floor":47},{"not_picked":["Tactician+1","Quick Slash","Cloak And Dagger"],"picked":"SKIP","floor":48}],"player_experience":4885022,"relics_obtained":[{"floor":7.0,"key":"InkBottle"},{"floor":9.0,"key":"Shuriken"},{"floor":13.0,"key":"Torii"},{"floor":24.0,"key":"Omamori"},{"floor":26.0,"key":"Du-Vu Doll"},{"floor":27.0,"key":"Vajra"},{"floor":29.0,"key":"CeramicFish"},{"floor":40,"key":"Juzu Bracelet"},{"floor":43,"key":"Pear"},{"floor":45,"key":"Strawberry"},{"floor":48,"key":"Sundial"}],"event_choices":[{"damage_healed":0.0,"max_hp_gain":5.0,"max_hp_loss":0.0,"gold_gain":0.0,"event_name":"Big Fish","player_choice":"Donut","floor":2.0,"gold_loss":0.0,"damage_taken":0.0},{"damage_healed":0.0,"max_hp_gain":0.0,"max_hp_loss":0.0,"gold_gain":0.0,"event_name":"Lab","player_choice":"Got Potions","floor":5.0,"gold_loss":0.0,"damage_taken":0.0},{"damage_healed":0.0,"max_hp_gain":0.0,"max_hp_loss":0.0,"gold_gain":50.0,"event_name":"Nest","player_choice":"Stole From Cult","floor":19.0,"gold_loss":0.0,"damage_taken":0.0},{"damage_healed":0.0,"max_hp_gain":0.0,"max_hp_loss":0.0,"gold_gain":0.0,"event_name":"Vampires","player_choice":"Ignored","floor":21.0,"gold_loss":0.0,"damage_taken":0.0},{"damage_healed":0.0,"max_hp_gain":0.0,"max_hp_loss":0.0,"gold_gain":0.0,"event_name":"Accursed Blacksmith","player_choice":"Forge","floor":22.0,"gold_loss":0.0,"damage_taken":0.0,"cards_upgraded":["Venomology"]},{"damage_healed":0,"gold_gain":0,"player_choice":"Memory 1","damage_taken":0,"max_hp_gain":0,"max_hp_loss":0,"event_name":"SensoryStone","floor":42,"gold_loss":0}],"is_beta":false,"boss_relics":[{"not_picked":["Busted Crown","Velvet Choker"],"picked":"Philosopher\u0027s Stone"},{"not_picked":["Ring of the Serpent","Pandora\u0027s Box"],"picked":"SacredBark"}],"items_purged_floors":[20,30,38,41],"is_endless":false,"potions_floor_spawned":[1,3,4,14,16,24,33,39,40,45,48],"ascension_level":15}