{"gold_per_floor":[20,39,57,57,80,124,124,143,217,217,248,173,173,194,194,288,288,301,287,303,328,349,349,383,1,26,62,112,112,132,147,147,241,241,265,283,298,298,105,146,164,179,179,179,222,240,240,240,240,240],"floor_reached":51,"playtime":2737,"items_purged":["Strike_G","Strike_G"],"score":1317,"play_id":"72dddb85-9356-451d-9f7e-4cc7a3f43576","local_time":"20210609233109","is_ascension_mode":true,"campfire_choices":[{"floor":10.0,"key":"REST"},{"data":"Neutralize","floor":15.0,"key":"SMITH"},{"floor":23.0,"key":"REST"},{"floor":29.0,"key":"REST"},{"floor":32.0,"key":"REST"},{"floor":47,"key":"REST"},{"data":"Cloak And Dagger","floor":49,"key":"SMITH"}],"neow_cost":"NO_GOLD","seed_source_timestamp":397234035271600,"circlet_count":0,"master_deck":["AscendersBane","Strike_G","Defend_G","Defend_G","Defend_G","Defend_G","Survivor","Dagger Spray+1","Slice","Terror","Backstab","Backflip","After Image+1","Doppelganger","Sucker Punch+1","Crippling Poison+1","Dodge and Roll+1","Acrobatics","Calculated Gamble","Leg Sweep","Infinite Blades","Blur","PiercingWail+1","Glass Knife","Malaise+1","Well Laid Plans+1","Adrenaline+1","Cloak And Dagger+1","Dagger Throw+1","Backflip","Bane+1"],"special_seed":0,"relics":["Ring of the Snake","Golden Idol","Kunai","Sundial","Ice Cream","Philosopher\u0027s Stone","Akabeko","Bronze Scales","Bag of Marbles","Centennial Puzzle","Astrolabe","PreservedInsect","TungstenRod","Art of War","Bag of Preparation"],"potions_floor_usage":[41,42,50],"damage_taken":[{"damage":2.0,"enemies":"Jaw Worm","floor":1.0,"turns":5.0},{"damage":4.0,"enemies":"Small Slimes","floor":2.0,"turns":4.0},{"damage":0.0,"enemies":"2 Louse","floor":3.0,"turns":2.0},{"damage":10.0,"enemies":"Gremlin Gang","floor":5.0,"turns":6.0},{"damage":25.0,"enemies":"Lagavulin","floor":6.0,"turns":7.0},{"damage":4.0,"enemies":"Looter","floor":8.0,"turns":3.0},{"damage":9.0,"enemies":"3 Sentries","floor":11.0,"turns":8.0},{"damage":0.0,"enemies":"2 Fungi Beasts","floor":14.0,"turns":3.0},{"damage":4.0,"enemies":"Hexaghost","floor":16.0,"turns":11.0},{"damage":0.0,"enemies":"Chosen","floor":18.0,"turns":5.0},{"damage":4.0,"enemies":"2 Thieves","floor":19.0,"turns":4.0},{"damage":6.0,"enemies":"3 Cultists","floor":20.0,"turns":5.0},{"damage":9.0,"enemies":"Sentry and Sphere","floor":21.0,"turns":7.0},{"damage":0.0,"enemies":"Centurion and Healer","floor":22.0,"turns":6.0},{"damage":19.0,"enemies":"Gremlin Leader","floor":24.0,"turns":8.0},{"damage":14.0,"enemies":"Book of Stabbing","floor":27.0,"turns":5.0},{"damage":9.0,"enemies":"Snecko","floor":30.0,"turns":5.0},{"damage":0.0,"enemies":"3 Cultists","floor":31.0,"turns":5.0},{"damage":35.0,"enemies":"Collector","floor":33.0,"turns":10.0},{"damage":0,"enemies":"Orb Walker","floor":35,"turns":3},{"damage":0,"enemies":"3 Darklings","floor":36,"turns":5},{"damage":0,"enemies":"Jaw Worm Horde","floor":37,"turns":2},{"damage":0,"enemies":"Reptomancer","floor":40,"turns":5},{"damage":6,"enemies":"Sphere and 2 Shapes","floor":41,"turns":6},{"damage":24,"enemies":"Transient","floor":42,"turns":5},{"damage":13,"enemies":"Nemesis","floor":45,"turns":5},{"damage":0,"enemies":"Writhing Mass","floor":46,"turns":5},{"damage":13,"enemies":"Awakened One","floor":50,"turns":22}],"seed_played":"-1800666122663091070","potions_obtained":[{"floor":2.0,"key":"Ancient Potion"},{"floor":3.0,"key":"FearPotion"},{"floor":11.0,"key":"Fire Potion"},{"floor":16.0,"key":"Swift Potion"},{"floor":21.0,"key":"DistilledChaos"},{"floor":27.0,"key":"Ancient Potion"},{"floor":33.0,"key":"Energy Potion"},{"floor":37,"key":"Fire Potion"},{"floor":41,"key":"LiquidBronze"},{"floor":45,"key":"SmokeBomb"}],"is_trial":false,"path_per_floor":["M","M","M","?","M","E","?","M","T","R","E","$","?","M","R","B",null,"M","M","M","M","M","R","E","$","T","E","?","R","M","M","R","B",null,"M","M","M","?","$","E","M","M","T","?","E","M","R","?","R","B",null],"character_chosen":"THE_SILENT","items_purchased":["SteroidPotion","Bronze Scales","Infinite Blades","PreservedInsect","Backflip"],"campfire_rested":5,"item_purchase_floors":[25,25,25,39,39],"current_hp_per_floor":[69,65,65,65,55,30,30,26,26,47,38,38,17,17,17,13,57,57,53,47,38,38,59,40,40,40,26,26,47,38,38,59,24,59,59,59,59,59,59,59,53,29,29,29,16,16,36,55,55,42],"gold":240,"neow_bonus":"TWENTY_PERCENT_HP_BONUS","is_prod":false,"is_daily":false,"chose_seed":false,"campfire_upgraded":2,"win_rate":0,"timestamp":1623306669,"path_taken":["M","M","M","?","M","E","?","M","T","R","E","$","?","M","R","BOSS","M","M","M","M","M","R","E","$","T","E","?","R","M","M","R","BOSS","M","?","M","?","$","E","M","M","T","?","E","M","R","?","R","BOSS"],"build_version":"2020-12-22","purchased_purges":2,"victory":true,"max_hp_per_floor":[78,78,78,71,71,71,71,71,71,71,71,71,71,71,71,71,71,71,71,71,71,71,71,71,71,71,71,71,71,71,71,71,71,71,71,71,71,71,71,71,71,71,71,67,67,67,67,55,55,55],"card_choices":[{"not_picked":["Slice","Underhanded Strike"],"picked":"Dagger Spray","floor":1.0},{"not_picked":["Acrobatics","Riddle With Holes"],"picked":"Slice","floor":2.0},{"not_picked":["Cloak And Dagger","Deflect"],"picked":"Terror","floor":3.0},{"not_picked":["Outmaneuver","Deadly Poison"],"picked":"Backstab","floor":5.0},{"not_picked":["Dagger Throw","Dagger Spray","Eviscerate"],"picked":"SKIP","floor":6.0},{"not_picked":["Poisoned Stab","Grand Finale"],"picked":"Backflip","floor":8.0},{"not_picked":["Escape Plan","Prepared"],"picked":"After Image","floor":11.0},{"not_picked":["Flechettes","Tactician","Prepared"],"picked":"SKIP","floor":14.0},{"not_picked":["Night Terror","A Thousand Cuts"],"picked":"Doppelganger","floor":16.0},{"not_picked":["Endless Agony","Dagger Spray+1"],"picked":"Sucker Punch+1","floor":18.0},{"not_picked":["Slice","Escape Plan"],"picked":"Crippling Poison+1","floor":19.0},{"not_picked":["Quick Slash","Poisoned Stab"],"picked":"Dodge and Roll+1","floor":20.0},{"not_picked":["Slice","Crippling Poison"],"picked":"Acrobatics","floor":21.0},{"not_picked":["Outmaneuver","Slice"],"picked":"Calculated Gamble","floor":22.0},{"not_picked":["Slice","Choke"],"picked":"Leg Sweep","floor":24.0},{"not_picked":["Terror","Distraction","Sucker Punch"],"picked":"SKIP","floor":27.0},{"not_picked":["Catalyst+1","Backstab"],"picked":"Blur","floor":30.0},{"not_picked":["Cloak And Dagger","Dagger Throw"],"picked":"PiercingWail+1","floor":31.0},{"not_picked":["Grand Finale","Unload"],"picked":"Glass Knife","floor":33.0},{"not_picked":["Deadly Poison+1","Tactician"],"picked":"Cloak And Dagger","floor":35},{"not_picked":["Footwork","Poisoned Stab","Expertise"],"picked":"SKIP","floor":36},{"not_picked":["Terror","Escape Plan"],"picked":"Dagger Throw+1","floor":37},{"not_picked":["Deadly Poison+1","Footwork","Deflect"],"picked":"SKIP","floor":40},{"not_picked":["Accuracy","Caltrops+1","Distraction"],"picked":"SKIP","floor":41},{"not_picked":["Catalyst","Backstab"],"picked":"Bane+1","floor":42},{"not_picked":["Flying Knee","Outmaneuver+1","Concentrate"],"picked":"SKIP","floor":45},{"not_picked":["Acrobatics","Backflip","Dagger Spray"],"picked":"SKIP","floor":46}],"player_experience":4872463,"relics_obtained":[{"floor":6.0,"key":"Kunai"},{"floor":9.0,"key":"Sundial"},{"floor":11.0,"key":"Ice Cream"},{"floor":24.0,"key":"Akabeko"},{"floor":26.0,"key":"Bag of Marbles"},{"floor":27.0,"key":"Centennial Puzzle"},{"floor":40,"key":"TungstenRod"},{"floor":43,"key":"Art of War"},{"floor":45,"key":"Bag of Preparation"}],"event_choices":[{"damage_healed":0.0,"max_hp_gain":0.0,"max_hp_loss":7.0,"gold_gain":0.0,"event_name":"Golden Idol","player_choice":"Lose Max HP","floor":4.0,"gold_loss":0.0,"damage_taken":0.0,"relics_obtained":["Golden Idol"]},{"damage_healed":0.0,"max_hp_gain":0.0,"max_hp_loss":0.0,"gold_gain":0.0,"event_name":"Liars Game","player_choice":"Ignored","floor":7.0,"gold_loss":0.0,"damage_taken":0.0},{"damage_healed":0.0,"max_hp_gain":0.0,"max_hp_loss":0.0,"gold_gain":0.0,"event_name":"Shining Light","player_choice":"Entered Light","floor":13.0,"gold_loss":0.0,"damage_taken":21.0,"cards_upgraded":["After Image","Dagger Spray"]},{"damage_healed":0.0,"max_hp_gain":0.0,"max_hp_loss":0.0,"gold_gain":50.0,"event_name":"Golden Shrine","player_choice":"Pray","floor":28.0,"gold_loss":0.0,"damage_taken":0.0},{"cards_removed":["Neutralize"],"damage_healed":0,"gold_gain":0,"player_choice":"Removed Attack","damage_taken":0,"max_hp_gain":0,"max_hp_loss":0,"event_name":"Falling","floor":38,"gold_loss":0},{"damage_healed":0,"gold_gain":0,"player_choice":"Max HP","damage_taken":0,"max_hp_gain":0,"max_hp_loss":4,"event_name":"Winding Halls","floor":44,"gold_loss":0},{"damage_healed":55,"gold_gain":0,"player_choice":"Heal","damage_taken":0,"max_hp_gain":0,"max_hp_loss":12,"event_name":"The Moai Head","floor":48,"gold_loss":0}],"is_beta":false,"boss_relics":[{"not_picked":["SacredBark","Calling Bell"],"picked":"Philosopher\u0027s Stone"},{"not_picked":["Pandora\u0027s Box","Tiny House"],"picked":"Astrolabe"}],"items_purged_floors":[12,25],"is_endless":false,"potions_floor_spawned":[2,3,11,16,18,21,27,30,33,37,41,45],"ascension_level":15}