{"gold_per_floor":[122,141,165,165,191,191,225,225,304,304,136,162,62,84,84,168,168,192,215,22,31,59,59,94,125,162,174,202,258,270,302,314,406,418,451,490,516,207,207,207,251,251,251,251,251,275,316,339,339,339],"floor_reached":51,"playtime":2469,"items_purged":["Strike_G","Strike_G","Strike_G","Decay"],"score":1342,"play_id":"d48a5dbd-aa15-4ad3-b413-ca2527cc86b6","local_time":"20210620152916","is_ascension_mode":true,"campfire_choices":[{"data":"Neutralize","floor":6.0,"key":"SMITH"},{"floor":15.0,"key":"REST"},{"floor":23.0,"key":"REST"},{"data":"Footwork","floor":27.0,"key":"SMITH"},{"floor":30.0,"key":"REST"},{"floor":32.0,"key":"REST"},{"data":"Burst","floor":40,"key":"SMITH"},{"data":"Deadly Poison","floor":44,"key":"SMITH"},{"floor":49,"key":"REST"}],"neow_cost":"NONE","seed_source_timestamp":112843241144700,"circlet_count":0,"master_deck":["AscendersBane","Strike_G","Strike_G","Defend_G","Defend_G","Defend_G","Defend_G","Defend_G","Survivor","Quick Slash","Dash","Dodge and Roll","Flying Knee","Footwork+1","Dagger Spray","Burst+1","Leg Sweep","Adrenaline","Blade Dance+1","Backstab","Accuracy","Backflip","Blur+1","Deadly Poison+1","Blade Dance","Corpse Explosion","Noxious Fumes+1","Sucker Punch+1","Leg Sweep","Acrobatics+1","Dodge and Roll+1","PiercingWail+1","Blur+1"],"special_seed":0,"relics":["Ring of the Snake","CeramicFish","Lizard Tail","Sundial","Pen Nib","Sozu","MawBank","Snake Skull","HornCleat","Cursed Key","Oddly Smooth Stone","Toxic Egg 2","Happy Flower"],"potions_floor_usage":[],"damage_taken":[{"damage":1.0,"enemies":"2 Louse","floor":1.0,"turns":4.0},{"damage":7.0,"enemies":"Jaw Worm","floor":2.0,"turns":7.0},{"damage":0.0,"enemies":"Cultist","floor":3.0,"turns":3.0},{"damage":6.0,"enemies":"Gremlin Gang","floor":5.0,"turns":6.0},{"damage":8.0,"enemies":"Lagavulin","floor":7.0,"turns":8.0},{"damage":8.0,"enemies":"Exordium Thugs","floor":12.0,"turns":5.0},{"damage":10.0,"enemies":"Large Slime","floor":14.0,"turns":5.0},{"damage":41.0,"enemies":"Slime Boss","floor":16.0,"turns":18.0},{"damage":0.0,"enemies":"Shell Parasite","floor":18.0,"turns":12.0},{"damage":5.0,"enemies":"Spheric Guardian","floor":19.0,"turns":4.0},{"damage":13.0,"enemies":"Cultist and Chosen","floor":22.0,"turns":8.0},{"damage":17.0,"enemies":"Gremlin Leader","floor":24.0,"turns":10.0},{"damage":1.0,"enemies":"Shelled Parasite and Fungi","floor":25.0,"turns":8.0},{"damage":3.0,"enemies":"Snake Plant","floor":28.0,"turns":7.0},{"damage":20.0,"enemies":"Book of Stabbing","floor":29.0,"turns":6.0},{"damage":9.0,"enemies":"Snecko","floor":31.0,"turns":5.0},{"damage":24.0,"enemies":"Automaton","floor":33.0,"turns":18.0},{"damage":0.0,"enemies":"Orb Walker","floor":35.0,"turns":3.0},{"damage":5.0,"enemies":"3 Darklings","floor":36.0,"turns":2.0},{"damage":9.0,"enemies":"Jaw Worm Horde","floor":37.0,"turns":4.0},{"damage":5,"enemies":"Reptomancer","floor":41,"turns":7},{"damage":0,"enemies":"Sphere and 2 Shapes","floor":46,"turns":5},{"damage":18,"enemies":"Nemesis","floor":47,"turns":9},{"damage":0,"enemies":"3 Darklings","floor":48,"turns":3},{"damage":37,"enemies":"Donu and Deca","floor":50,"turns":9}],"seed_played":"7746034862517967585","potions_obtained":[{"floor":1.0,"key":"Energy Potion"},{"floor":2.0,"key":"BlessingOfTheForge"},{"floor":12.0,"key":"LiquidBronze"}],"is_trial":false,"path_per_floor":["M","M","M","?","M","R","E","?","T","?","$","M","$","M","R","B",null,"M","M","$","?","M","R","E","M","T","R","M","E","R","M","R","B",null,"M","M","M","$","?","R","E","?","T","R","?","M","E","M","R","B",null],"character_chosen":"THE_SILENT","items_purchased":["Fire Potion","Dagger Spray","Accuracy","Oddly Smooth Stone","Leg Sweep"],"campfire_rested":5,"item_purchase_floors":[11,11,20,38,38],"current_hp_per_floor":[58,51,51,51,45,45,37,42,42,24,24,16,16,6,27,22,59,59,54,54,54,41,62,45,44,44,44,41,21,42,33,54,30,61,61,56,47,47,47,47,42,42,42,42,42,42,24,24,44,7],"gold":339,"neow_bonus":"RANDOM_COMMON_RELIC","is_prod":false,"is_daily":false,"chose_seed":false,"campfire_upgraded":4,"win_rate":0,"timestamp":1624228156,"path_taken":["M","M","M","?","M","R","E","?","T","?","$","M","?","M","R","BOSS","M","M","$","?","M","R","E","?","T","R","M","E","R","M","R","BOSS","M","M","M","$","?","R","E","?","T","R","?","?","E","M","R","BOSS"],"build_version":"2020-12-22","purchased_purges":4,"victory":true,"max_hp_per_floor":[66,66,66,66,66,66,66,71,71,71,71,71,71,71,71,71,71,71,71,71,71,71,71,71,71,71,71,71,71,71,71,71,71,71,71,71,71,71,67,67,67,67,67,67,67,67,67,67,67,67],"card_choices":[{"not_picked":["Skewer","Eviscerate"],"picked":"Quick Slash","floor":1.0},{"not_picked":["Quick Slash","Dagger Spray"],"picked":"Dash","floor":2.0},{"not_picked":["Riddle With Holes","Escape Plan"],"picked":"Dodge and Roll","floor":3.0},{"not_picked":["Deadly Poison","Reflex"],"picked":"Flying Knee","floor":5.0},{"not_picked":["Flying Knee","Quick Slash"],"picked":"Footwork","floor":7.0},{"not_picked":["Concentrate","Dodge and Roll"],"picked":"Burst","floor":12.0},{"not_picked":["Bane","Crippling Poison"],"picked":"Leg Sweep","floor":14.0},{"not_picked":["Storm of Steel","Venomology"],"picked":"Adrenaline","floor":16.0},{"not_picked":["Sucker Punch","Underhanded Strike"],"picked":"Blade Dance+1","floor":18.0},{"not_picked":["Eviscerate","Outmaneuver"],"picked":"Backstab","floor":19.0},{"not_picked":["Prepared","Sucker Punch"],"picked":"Backflip","floor":22.0},{"not_picked":["Blade Dance","Adrenaline"],"picked":"Blur+1","floor":24.0},{"not_picked":["Prepared","Heel Hook"],"picked":"Deadly Poison","floor":25.0},{"not_picked":["Prepared","Tactician","Dagger Throw"],"picked":"SKIP","floor":28.0},{"not_picked":["Flying Knee","Underhanded Strike"],"picked":"Blade Dance","floor":29.0},{"not_picked":["Choke","Sucker Punch","Night Terror"],"picked":"SKIP","floor":31.0},{"not_picked":["Storm of Steel","Adrenaline"],"picked":"Corpse Explosion","floor":33.0},{"not_picked":["Underhanded Strike","Deadly Poison"],"picked":"Noxious Fumes+1","floor":35.0},{"not_picked":["Terror+1","Flying Knee+1"],"picked":"Sucker Punch+1","floor":36.0},{"not_picked":["Backstab","Tactician","Prepared"],"picked":"SKIP","floor":37.0},{"not_picked":["Flying Knee","Caltrops"],"picked":"Acrobatics+1","floor":41},{"not_picked":["Outmaneuver+1","Deflect+1"],"picked":"Dodge and Roll+1","floor":46},{"not_picked":["Die Die Die","Choke+1"],"picked":"PiercingWail+1","floor":47},{"not_picked":["Dodge and Roll+1","Deflect+1"],"picked":"Blur+1","floor":48}],"player_experience":4891396,"relics_obtained":[{"floor":7.0,"key":"Lizard Tail"},{"floor":9.0,"key":"Sundial"},{"floor":24.0,"key":"MawBank"},{"floor":26.0,"key":"Snake Skull"},{"floor":29.0,"key":"HornCleat"},{"floor":41,"key":"Toxic Egg 2"},{"floor":47,"key":"Happy Flower"}],"event_choices":[{"damage_healed":0.0,"max_hp_gain":0.0,"max_hp_loss":0.0,"gold_gain":0.0,"event_name":"Liars Game","player_choice":"Ignored","floor":4.0,"gold_loss":0.0,"damage_taken":0.0},{"damage_healed":0.0,"max_hp_gain":5.0,"max_hp_loss":0.0,"gold_gain":0.0,"event_name":"Big Fish","player_choice":"Donut","floor":8.0,"gold_loss":0.0,"damage_taken":0.0},{"damage_healed":0.0,"max_hp_gain":0.0,"max_hp_loss":0.0,"gold_gain":0.0,"event_name":"Scrap Ooze","player_choice":"Success","floor":10.0,"gold_loss":0.0,"damage_taken":18.0,"relics_obtained":["Pen Nib"]},{"damage_healed":0.0,"max_hp_gain":0.0,"max_hp_loss":0.0,"gold_gain":0.0,"event_name":"Wheel of Change","player_choice":"Cursed","floor":21.0,"gold_loss":0.0,"damage_taken":0.0,"cards_obtained":["Decay"]},{"damage_healed":0,"gold_gain":0,"player_choice":"Max HP","damage_taken":0,"max_hp_gain":0,"max_hp_loss":4,"event_name":"Winding Halls","floor":39,"gold_loss":0},{"damage_healed":0,"gold_gain":0,"player_choice":"Memory 1","damage_taken":0,"max_hp_gain":0,"max_hp_loss":0,"event_name":"SensoryStone","floor":42,"gold_loss":0},{"cards_removed":["Neutralize"],"damage_healed":0,"gold_gain":0,"player_choice":"Removed Attack","damage_taken":0,"max_hp_gain":0,"max_hp_loss":0,"event_name":"Falling","floor":45,"gold_loss":0}],"is_beta":false,"boss_relics":[{"not_picked":["WristBlade","Empty Cage"],"picked":"Sozu"},{"not_picked":["Busted Crown","Velvet Choker"],"picked":"Cursed Key"}],"items_purged_floors":[11,13,20,38],"is_endless":false,"potions_floor_spawned":[1,2,12,18,19,24,25,28,36,47,48],"ascension_level":15}