{"gold_per_floor":[110,35,86,103,28,28,63,76,76,76,92,117,117,135,135,214,214,234,249,249,259,259,259,286,286,312,345,345,101,101,115,115,187,187,199,199,89,106,106,134,0,0,0,0,26,44,72,83,83,83],"floor_reached":51,"playtime":1549,"items_purged":["Strike_G","Strike_G+1"],"score":1548,"play_id":"4d22a802-5f18-4dee-b87e-6f8c5113b0a9","local_time":"20210721181248","is_ascension_mode":true,"campfire_choices":[{"data":"Skewer","floor":6.0,"key":"SMITH"},{"data":"Blade Dance","floor":10.0,"key":"SMITH"},{"data":"Accuracy","floor":15.0,"key":"SMITH"},{"data":"Prepared","floor":23,"key":"SMITH"},{"data":"Footwork","floor":28,"key":"SMITH"},{"data":"Blade Dance","floor":30,"key":"SMITH"},{"data":"Neutralize","floor":32,"key":"SMITH"},{"data":"Footwork","floor":42,"key":"SMITH"},{"data":"PiercingWail","floor":49,"key":"SMITH"}],"neow_cost":"CURSE","seed_source_timestamp":283377617072300,"circlet_count":0,"master_deck":["AscendersBane","Strike_G+1","Strike_G+1","Defend_G+1","Defend_G+1","Defend_G+1","Defend_G+1","Defend_G+1","Survivor","Neutralize+1","Die Die Die+1","Blade Dance+1","Skewer+1","Dagger Spray+1","PiercingWail+1","Accuracy+1","Dagger Throw+1","Prepared+1","Backflip+1","Footwork+1","Flying Knee+1","Blade Dance+1","Adrenaline","Backflip+1","Footwork+1","Shame","Backflip+1","Flechettes+1","Crippling Poison+1"],"special_seed":0,"relics":["Ring of the Snake","Ice Cream","Matryoshka","Bronze Scales","Juzu Bracelet","HoveringKite","The Courier","Centennial Puzzle","Boot","Shuriken","Cursed Key","Whetstone","Red Mask","InkBottle","PreservedInsect","Happy Flower","Nunchaku"],"potions_floor_usage":[16,19,24,27,33,50,50,50,50],"damage_taken":[{"damage":0.0,"enemies":"2 Louse","floor":1.0,"turns":1.0},{"damage":0.0,"enemies":"Jaw Worm","floor":4.0,"turns":4.0},{"damage":28.0,"enemies":"Gremlin Nob","floor":7.0,"turns":4.0},{"damage":0.0,"enemies":"Small Slimes","floor":8.0,"turns":3.0},{"damage":0.0,"enemies":"2 Fungi Beasts","floor":11.0,"turns":3.0},{"damage":0.0,"enemies":"Lagavulin","floor":12.0,"turns":4.0},{"damage":4.0,"enemies":"Lots of Slimes","floor":14.0,"turns":2.0},{"damage":0,"enemies":"Slime Boss","floor":16,"turns":8},{"damage":14,"enemies":"2 Thieves","floor":18,"turns":5},{"damage":0,"enemies":"Spheric Guardian","floor":19,"turns":3},{"damage":4,"enemies":"Snecko","floor":21,"turns":3},{"damage":15,"enemies":"Book of Stabbing","floor":24,"turns":4},{"damage":7,"enemies":"Slavers","floor":27,"turns":5},{"damage":0,"enemies":"3 Cultists","floor":31,"turns":3},{"damage":41,"enemies":"Automaton","floor":33,"turns":8},{"damage":0,"enemies":"3 Shapes","floor":35,"turns":3},{"damage":0,"enemies":"Orb Walker","floor":38,"turns":2},{"damage":0,"enemies":"Reptomancer","floor":40,"turns":5},{"damage":1,"enemies":"Giant Head","floor":45,"turns":4},{"damage":0,"enemies":"Spire Growth","floor":46,"turns":4},{"damage":0,"enemies":"Nemesis","floor":47,"turns":4},{"damage":0,"enemies":"4 Shapes","floor":48,"turns":4},{"damage":25,"enemies":"Time Eater","floor":50,"turns":6}],"seed_played":"50467381410752498","potions_obtained":[{"floor":8.0,"key":"SteroidPotion"},{"floor":14.0,"key":"Fire Potion"},{"floor":16,"key":"FearPotion"},{"floor":18,"key":"AttackPotion"},{"floor":24,"key":"GamblersBrew"},{"floor":33,"key":"Poison Potion"},{"floor":35,"key":"PowerPotion"}],"is_trial":false,"path_per_floor":["M","?","?","M","$","R","E","M","T","R","M","E","?","M","R","B",null,"M","M","?","M","?","R","E","?","T","E","R","$","R","M","R","B",null,"M","?","?","M","?","E","?","R","T","$","E","M","E","M","R","B",null],"character_chosen":"THE_SILENT","items_purchased":["Blade Dance","Regen Potion","EntropicBrew"],"campfire_rested":0,"item_purchase_floors":[29,29,29],"current_hp_per_floor":[59,59,59,59,59,59,31,31,31,31,31,31,20,16,16,16,51,37,37,37,33,73,73,58,58,58,51,51,51,51,51,51,25,61,61,61,61,61,61,61,61,61,61,61,60,60,60,60,60,47],"gold":83,"neow_bonus":"THREE_RARE_CARDS","is_prod":false,"is_daily":false,"chose_seed":false,"campfire_upgraded":9,"win_rate":0,"timestamp":1626916368,"path_taken":["M","?","?","?","$","R","E","M","T","R","M","E","?","M","R","BOSS","M","M","?","M","?","R","E","?","T","E","R","$","R","M","R","BOSS","M","?","?","M","?","E","?","R","T","$","E","M","E","M","R","BOSS"],"build_version":"2020-12-22","purchased_purges":2,"victory":true,"max_hp_per_floor":[66,63,63,63,63,63,63,63,63,63,63,63,63,63,63,63,63,63,63,63,63,73,73,73,73,73,73,73,73,73,73,73,73,73,73,73,73,73,73,73,73,73,73,73,73,73,73,73,73,73],"relic_stats":{"Happy Flower":[6],"counters":[23,92],"HoveringKite":[35],"PreservedInsect":180,"Juzu Bracelet":2,"Whetstone":["Dagger Spray"],"Boot":[70],"Cursed Key":1,"Centennial Puzzle":[12],"Nunchaku":[3],"Shuriken":[44],"Bronze Scales":[145],"obtain_stats":[{"Ice Cream":7,"Happy Flower":45,"HoveringKite":17,"The Courier":24,"PreservedInsect":43,"Juzu Bracelet":13,"Whetstone":40,"Boot":26,"Cursed Key":34,"Centennial Puzzle":26,"Nunchaku":47,"Matryoshka":9,"Shuriken":27,"Bronze Scales":12,"Red Mask":41,"InkBottle":43,"Ring of the Snake":0},{"Ice Cream":3,"Happy Flower":19,"HoveringKite":8,"The Courier":12,"PreservedInsect":18,"Juzu Bracelet":6,"Whetstone":18,"Boot":12,"Cursed Key":15,"Centennial Puzzle":12,"Nunchaku":21,"Matryoshka":4,"Shuriken":13,"Bronze Scales":6,"Red Mask":18,"InkBottle":18,"Ring of the Snake":0},{"Ice Cream":9,"Happy Flower":74,"HoveringKite":29,"The Courier":44,"PreservedInsect":70,"Juzu Bracelet":19,"Whetstone":70,"Boot":44,"Cursed Key":60,"Centennial Puzzle":44,"Nunchaku":82,"Matryoshka":12,"Shuriken":49,"Bronze Scales":19,"Red Mask":70,"InkBottle":70,"Ring of the Snake":0}],"InkBottle":[15],"Ring of the Snake":[46]},"card_choices":[{"not_picked":["Envenom","A Thousand Cuts"],"picked":"Die Die Die","floor":0.0},{"not_picked":["Bane","Backflip"],"picked":"Blade Dance","floor":1.0},{"not_picked":["Underhanded Strike","Catalyst"],"picked":"Skewer","floor":4.0},{"not_picked":["Skewer","Prepared","Acrobatics"],"picked":"SKIP","floor":7.0},{"not_picked":["Terror","Flying Knee"],"picked":"Infinite Blades","floor":8.0},{"not_picked":["Dodge and Roll","Escape Plan"],"picked":"Dagger Spray","floor":11.0},{"not_picked":["Expertise","Deadly Poison"],"picked":"PiercingWail","floor":12.0},{"not_picked":["Phantasmal Killer","Flying Knee"],"picked":"Accuracy","floor":14.0},{"not_picked":["Night Terror","Die Die Die"],"picked":"Burst","floor":16},{"not_picked":["Acrobatics","Dagger Spray"],"picked":"Dagger Throw+1","floor":18},{"not_picked":["Flechettes","Underhanded Strike+1"],"picked":"Prepared","floor":19},{"not_picked":["Heel Hook","Setup"],"picked":"Backflip+1","floor":21},{"not_picked":["Die Die Die","Deadly Poison","Quick Slash"],"picked":"SKIP","floor":24},{"not_picked":["Outmaneuver","Poisoned Stab"],"picked":"Flying Knee+1","floor":27},{"not_picked":["Poisoned Stab","Sucker Punch","Flying Knee"],"picked":"SKIP","floor":31},{"not_picked":["Phantasmal Killer","Grand Finale"],"picked":"Adrenaline","floor":33},{"not_picked":["Tactician","Slice+1"],"picked":"Backflip+1","floor":35},{"not_picked":["Eviscerate+1","Quick Slash"],"picked":"Footwork","floor":38},{"not_picked":["Poisoned Stab","Flying Knee+1","Choke+1"],"picked":"SKIP","floor":40},{"not_picked":["Concentrate","Eviscerate+1"],"picked":"Backflip+1","floor":45},{"not_picked":["Acrobatics","Quick Slash"],"picked":"Flechettes+1","floor":46},{"not_picked":["Backflip","Choke","Crippling Poison"],"picked":"SKIP","floor":47},{"not_picked":["Quick Slash+1","Expertise"],"picked":"Crippling Poison+1","floor":48}],"player_experience":4907341,"relics_obtained":[{"floor":7.0,"key":"Ice Cream"},{"floor":9.0,"key":"Matryoshka"},{"floor":12.0,"key":"Bronze Scales"},{"floor":24,"key":"The Courier"},{"floor":26,"key":"Centennial Puzzle"},{"floor":26,"key":"Boot"},{"floor":27,"key":"Shuriken"},{"floor":40,"key":"Whetstone"},{"floor":43,"key":"InkBottle"},{"floor":43,"key":"PreservedInsect"},{"floor":45,"key":"Happy Flower"},{"floor":47,"key":"Nunchaku"}],"event_choices":[{"cards_removed":["Parasite"],"damage_healed":0.0,"max_hp_gain":0.0,"max_hp_loss":0.0,"gold_gain":0.0,"event_name":"The Cleric","player_choice":"Card Removal","floor":2.0,"gold_loss":75.0,"damage_taken":0.0},{"damage_healed":0.0,"max_hp_gain":0.0,"max_hp_loss":0.0,"gold_gain":51.0,"event_name":"Golden Wing","player_choice":"Gained Gold","floor":3.0,"gold_loss":0.0,"damage_taken":0.0},{"damage_healed":0.0,"max_hp_gain":0.0,"max_hp_loss":0.0,"gold_gain":0.0,"event_name":"Scrap Ooze","player_choice":"Success","floor":13.0,"gold_loss":0.0,"damage_taken":11.0,"relics_obtained":["Juzu Bracelet"]},{"damage_healed":0,"gold_gain":0,"player_choice":"Simplicity","damage_taken":0,"max_hp_gain":0,"max_hp_loss":0,"event_name":"Back to Basics","floor":20,"gold_loss":0,"cards_upgraded":["Strike_G","Strike_G","Strike_G","Strike_G","Defend_G","Defend_G","Defend_G","Defend_G","Defend_G"]},{"cards_removed":["Burst"],"damage_healed":30,"gold_gain":0,"player_choice":"Offered Rare","damage_taken":0,"max_hp_gain":10,"max_hp_loss":0,"event_name":"Bonfire Elementals","floor":22,"gold_loss":0},{"damage_healed":0,"gold_gain":0,"player_choice":"Read","damage_taken":0,"max_hp_gain":0,"max_hp_loss":0,"event_name":"The Library","floor":25,"gold_loss":0,"cards_obtained":["Footwork"]},{"cards_removed":["Infinite Blades"],"damage_healed":0,"gold_gain":0,"player_choice":"Removed Power","damage_taken":0,"max_hp_gain":0,"max_hp_loss":0,"event_name":"Falling","floor":36,"gold_loss":0},{"cards_removed":["Strike_G"],"damage_healed":0,"gold_gain":0,"player_choice":"Upgrade and Remove","damage_taken":0,"max_hp_gain":0,"max_hp_loss":0,"event_name":"Designer","floor":37,"gold_loss":110,"cards_upgraded":["Die Die Die"]},{"damage_healed":0,"gold_gain":0,"player_choice":"Memory 1","damage_taken":0,"max_hp_gain":0,"max_hp_loss":0,"event_name":"SensoryStone","floor":39,"gold_loss":0},{"damage_healed":0,"gold_gain":0,"player_choice":"Paid","damage_taken":0,"relics_obtained":["Red Mask"],"max_hp_gain":0,"max_hp_loss":0,"event_name":"Tomb of Lord Red Mask","floor":41,"gold_loss":134}],"is_beta":false,"boss_relics":[{"not_picked":["SlaversCollar","SacredBark"],"picked":"HoveringKite"},{"not_picked":["Runic Dome","Calling Bell"],"picked":"Cursed Key"}],"items_purged_floors":[5,29],"is_endless":false,"potions_floor_spawned":[8,14,16,18,24,33,35,46,47,48],"ascension_level":15}