{"gold_per_floor":[112,25,43,43,62,97,97,123,123,48,48,18,34,61,61,135,135,147,147,147,47,67,67,101,101],"floor_reached":25,"playtime":953,"items_purged":["Strike_G","Decay"],"score":415,"play_id":"3431e6d7-47ff-4295-8d7b-5dddb44c30dd","local_time":"20210722130855","is_ascension_mode":true,"campfire_choices":[{"floor":7.0,"key":"REST"},{"data":"1","floor":11.0,"key":"LIFT"},{"data":"2","floor":15.0,"key":"LIFT"},{"data":"3","floor":23,"key":"LIFT"}],"neow_cost":"TEN_PERCENT_HP_LOSS","seed_source_timestamp":352230006040000,"circlet_count":0,"master_deck":["AscendersBane","Strike_G","Strike_G","Strike_G","Strike_G","Defend_G","Defend_G","Defend_G","Defend_G","Defend_G","Survivor","Neutralize","Dagger Throw","Infinite Blades","Footwork","Cloak And Dagger","Envenom","Backflip+1","Cloak And Dagger+1","Adrenaline","Tactician+1","Acrobatics"],"special_seed":0,"relics":["Ring of the Snake","Peace Pipe","StoneCalendar","Singing Bowl","Girya","Ginger","Coffee Dripper","War Paint"],"potions_floor_usage":[25],"damage_taken":[{"damage":0.0,"enemies":"Cultist","floor":1.0,"turns":5.0},{"damage":0.0,"enemies":"Small Slimes","floor":3.0,"turns":3.0},{"damage":0.0,"enemies":"Jaw Worm","floor":5.0,"turns":5.0},{"damage":23.0,"enemies":"3 Sentries","floor":6.0,"turns":12.0},{"damage":32.0,"enemies":"Gremlin Nob","floor":8.0,"turns":5.0},{"damage":0.0,"enemies":"Looter","floor":12.0,"turns":4.0},{"damage":0.0,"enemies":"2 Fungi Beasts","floor":13.0,"turns":4.0},{"damage":18.0,"enemies":"3 Sentries","floor":14.0,"turns":7.0},{"damage":1.0,"enemies":"Hexaghost","floor":16.0,"turns":9.0},{"damage":0.0,"enemies":"Chosen","floor":18.0,"turns":5.0},{"damage":4,"enemies":"Shell Parasite","floor":22,"turns":7},{"damage":45,"enemies":"Slavers","floor":24,"turns":7},{"damage":8,"enemies":"Snake Plant","floor":25,"turns":3}],"seed_played":"5356687672713063104","potions_obtained":[{"floor":8.0,"key":"DistilledChaos"},{"floor":13.0,"key":"Energy Potion"},{"floor":14.0,"key":"Poison Potion"},{"floor":18.0,"key":"LiquidMemories"},{"floor":24,"key":"BlessingOfTheForge"}],"is_trial":false,"path_per_floor":["M","$","M","?","M","E","R","E","T","$","R","M","M","E","R","B",null,"M","?","?","$","M","R","E","M"],"character_chosen":"THE_SILENT","items_purchased":["Infinite Blades","Explosive Potion"],"campfire_rested":1,"item_purchase_floors":[2,2],"current_hp_per_floor":[59,59,59,59,59,36,54,24,24,24,24,24,26,8,8,7,50,52,52,52,52,48,48,3,0],"gold":101,"neow_bonus":"ONE_RARE_RELIC","is_prod":false,"is_daily":false,"chose_seed":false,"campfire_upgraded":0,"win_rate":0,"timestamp":1626984535,"path_taken":["M","?","M","?","M","E","R","E","T","$","R","M","M","E","R","BOSS","M","?","?","$","M","R","E","M"],"build_version":"2020-12-22","purchased_purges":2,"victory":false,"max_hp_per_floor":[60,60,60,60,60,60,60,62,62,62,62,62,64,64,64,64,64,66,66,66,66,66,66,66,66],"card_choices":[{"not_picked":["Deflect","Sucker Punch"],"picked":"Dagger Throw","floor":1.0},{"not_picked":["Underhanded Strike","Bane"],"picked":"Footwork","floor":3.0},{"not_picked":["Dodge and Roll","Flechettes"],"picked":"Cloak And Dagger","floor":5.0},{"not_picked":["Distraction","Slice"],"picked":"Envenom","floor":6.0},{"not_picked":["Catalyst","Deadly Poison","Reflex"],"picked":"Singing Bowl","floor":8.0},{"not_picked":["Outmaneuver","Underhanded Strike"],"picked":"Backflip","floor":12.0},{"not_picked":["Noxious Fumes","Flying Knee","Dagger Throw"],"picked":"Singing Bowl","floor":13.0},{"not_picked":["Dagger Throw","Dagger Spray"],"picked":"Cloak And Dagger","floor":14.0},{"not_picked":["Envenom","Glass Knife"],"picked":"Adrenaline","floor":16.0},{"not_picked":["Underhanded Strike","Bane","Quick Slash"],"picked":"Singing Bowl","floor":18.0},{"not_picked":["Bouncing Flask","Terror"],"picked":"Tactician+1","floor":22},{"not_picked":["Heel Hook","Dagger Throw"],"picked":"Acrobatics","floor":24}],"player_experience":4911098,"relics_obtained":[{"floor":6.0,"key":"StoneCalendar"},{"floor":8.0,"key":"Singing Bowl"},{"floor":9.0,"key":"Girya"},{"floor":14.0,"key":"Ginger"},{"floor":24,"key":"War Paint"}],"event_choices":[{"damage_healed":0.0,"max_hp_gain":0.0,"max_hp_loss":0.0,"gold_gain":0.0,"event_name":"WeMeetAgain","player_choice":"Ignored","floor":4.0,"gold_loss":0.0,"damage_taken":0.0},{"damage_healed":0.0,"max_hp_gain":0.0,"max_hp_loss":0.0,"gold_gain":0.0,"event_name":"Forgotten Altar","player_choice":"Smashed Altar","floor":19.0,"gold_loss":0.0,"damage_taken":0.0,"cards_obtained":["Decay"]}],"is_beta":false,"boss_relics":[{"not_picked":["Cursed Key","Busted Crown"],"picked":"Coffee Dripper"}],"items_purged_floors":[10,21],"is_endless":false,"potions_floor_spawned":[8,13,14,18,24],"killed_by":"Snake Plant","ascension_level":15}