{"gold_per_floor":[117,127,127,141,121,147,147,176,224,252,272,52,52,17,17,89,89,107,107,120,85,100,433,433,443,522,556,298,298,316,344,344,420,420,435,435,454,465,740,768,782,816,816,846,846,846,872,63,63,63],"floor_reached":51,"playtime":2574,"items_purged":["Strike_G","Strike_G","Strike_G"],"score":1837,"play_id":"bbc232b0-db9c-4526-8660-72ad8dea7639","local_time":"20211019133948","is_ascension_mode":true,"campfire_choices":[{"data":"Neutralize","floor":7.0,"key":"SMITH"},{"data":"Dagger Spray","floor":15.0,"key":"SMITH"},{"data":"Leg Sweep","floor":24.0,"key":"SMITH"},{"floor":32,"key":"REST"},{"data":"Blade Dance","floor":45,"key":"SMITH"},{"data":"Crippling Poison","floor":49,"key":"SMITH"}],"neow_cost":"NONE","seed_source_timestamp":23037371171800,"circlet_count":0,"master_deck":["AscendersBane","Strike_G+1","Defend_G","Defend_G","Defend_G","Defend_G","Defend_G","Survivor","Neutralize+1","Blade Dance+1","Infinite Blades","Backstab","Deflect","Leg Sweep+1","Dagger Spray+1","Well Laid Plans+1","A Thousand Cuts+1","Noxious Fumes+1","Footwork+1","Blur","Backflip","Adrenaline","Tools of the Trade+1","Accuracy+1","Heel Hook+1","Deflect","Venomology","Backflip","Crippling Poison+1","Prepared+1","Caltrops+1","Caltrops+1","Blur","Deflect","Flechettes+1"],"special_seed":0,"relics":["Ring of the Snake","NeowsBlessing","Frozen Egg 2","PreservedInsect","Paper Crane","Ancient Tea Set","Juzu Bracelet","Odd Mushroom","Black Star","MutagenicStrength","Mercury Hourglass","Old Coin","Meat on the Bone","Bag of Preparation","Omamori","Happy Flower","Torii","Philosopher\u0027s Stone","Toy Ornithopter","Darkstone Periapt","Lantern","The Courier","StrikeDummy","Orichalcum","Molten Egg 2","MawBank","Lizard Tail","Incense Burner","Bottled Tornado","Whetstone"],"potions_floor_usage":[31,33,40,41,42,44,47,50,50,50],"damage_taken":[{"damage":0.0,"enemies":"Cultist","floor":1.0,"turns":1.0},{"damage":0.0,"enemies":"2 Louse","floor":2.0,"turns":1.0},{"damage":0.0,"enemies":"Small Slimes","floor":4.0,"turns":1.0},{"damage":28.0,"enemies":"Lagavulin","floor":6.0,"turns":7.0},{"damage":3.0,"enemies":"Gremlin Nob","floor":8.0,"turns":3.0},{"damage":8.0,"enemies":"Lagavulin","floor":10.0,"turns":7.0},{"damage":2.0,"enemies":"The Mushroom Lair","floor":11.0,"turns":7.0},{"damage":0.0,"enemies":"Slime Boss","floor":16.0,"turns":9.0},{"damage":0.0,"enemies":"3 Byrds","floor":18.0,"turns":5.0},{"damage":22.0,"enemies":"Spheric Guardian","floor":20.0,"turns":4.0},{"damage":0.0,"enemies":"Snake Plant","floor":22.0,"turns":7.0},{"damage":15.0,"enemies":"Slavers","floor":23.0,"turns":5.0},{"damage":31.0,"enemies":"Centurion and Healer","floor":25.0,"turns":5.0},{"damage":0.0,"enemies":"Gremlin Leader","floor":27.0,"turns":6.0},{"damage":6.0,"enemies":"3 Cultists","floor":30.0,"turns":5.0},{"damage":9,"enemies":"Book of Stabbing","floor":31,"turns":4},{"damage":6,"enemies":"Automaton","floor":33,"turns":11},{"damage":1,"enemies":"Orb Walker","floor":35,"turns":4},{"damage":1,"enemies":"3 Darklings","floor":37,"turns":5},{"damage":0,"enemies":"Sphere and 2 Shapes","floor":38,"turns":4},{"damage":7,"enemies":"Nemesis","floor":40,"turns":7},{"damage":0,"enemies":"Writhing Mass","floor":41,"turns":8},{"damage":0,"enemies":"Giant Head","floor":42,"turns":6},{"damage":10,"enemies":"Nemesis","floor":44,"turns":5},{"damage":0,"enemies":"Giant Head","floor":47,"turns":5},{"damage":0,"enemies":"Time Eater","floor":50,"turns":11}],"seed_played":"5621752661383755294","potions_obtained":[{"floor":2.0,"key":"EssenceOfSteel"},{"floor":5.0,"key":"EntropicBrew"},{"floor":6.0,"key":"DistilledChaos"},{"floor":10.0,"key":"SmokeBomb"},{"floor":18.0,"key":"FairyPotion"},{"floor":20.0,"key":"Dexterity Potion"},{"floor":25.0,"key":"Fire Potion"},{"floor":31,"key":"Dexterity Potion"}],"is_trial":false,"path_per_floor":["M","M","?","M","?","E","R","E","T","E","?","$","?","?","R","B",null,"M","?","M","$","M","E","R","M","T","E","$","?","M","E","R","B",null,"M","?","M","M","?","E","M","E","T","E","R","?","E","$","R","B",null],"character_chosen":"THE_SILENT","items_purchased":["Dagger Spray","Fire Potion","Well Laid Plans+1","Footwork+1","Accuracy+1","SteroidPotion","Heel Hook","Incense Burner","Bottled Tornado","Blur","Deflect","Flechettes+1","Whetstone"],"campfire_rested":1,"item_purchase_floors":[12,12,12,21,28,28,28,48,48,48,48,48,48],"current_hp_per_floor":[59,59,59,59,59,31,31,28,28,20,18,18,18,34,34,34,58,58,58,36,36,36,21,21,10,10,22,22,22,28,31,50,44,61,60,66,65,65,65,58,63,66,66,56,56,56,61,61,61,66],"gold":63,"neow_bonus":"THREE_ENEMY_KILL","is_prod":false,"is_daily":false,"chose_seed":false,"campfire_upgraded":5,"win_rate":0,"timestamp":1634675988,"path_taken":["M","?","?","?","?","E","R","E","T","E","?","$","?","?","R","BOSS","M","?","M","$","M","E","R","M","T","E","$","?","M","E","R","BOSS","M","?","M","M","?","E","M","E","T","E","R","?","E","$","R","BOSS"],"build_version":"2020-12-22","purchased_purges":3,"victory":true,"max_hp_per_floor":[66,66,66,66,66,66,66,66,66,66,66,66,66,66,66,66,66,66,66,66,66,66,66,66,66,66,66,66,66,66,66,66,66,66,66,66,66,66,66,66,66,66,66,66,66,66,66,66,66,66],"card_choices":[{"not_picked":["PiercingWail","Dodge and Roll"],"picked":"Blade Dance","floor":1.0},{"not_picked":["Cloak And Dagger","Calculated Gamble"],"picked":"Infinite Blades","floor":2.0},{"not_picked":["Dagger Spray","Quick Slash"],"picked":"Backstab","floor":4.0},{"not_picked":["Predator","Endless Agony"],"picked":"Deflect","floor":6.0},{"not_picked":["Slice","Quick Slash","Prepared"],"picked":"SKIP","floor":8.0},{"not_picked":["Tools of the Trade+1","Quick Slash"],"picked":"Leg Sweep","floor":10.0},{"not_picked":["Tools of the Trade+1","Phantasmal Killer"],"picked":"A Thousand Cuts+1","floor":16.0},{"not_picked":["Flying Knee","Bouncing Flask"],"picked":"Noxious Fumes+1","floor":18.0},{"not_picked":["Quick Slash","Outmaneuver","Sucker Punch"],"picked":"SKIP","floor":20.0},{"not_picked":["Deadly Poison","Bouncing Flask"],"picked":"Blur","floor":22.0},{"not_picked":["Predator","Flying Knee"],"picked":"Backflip","floor":23.0},{"not_picked":["Heel Hook","Outmaneuver"],"picked":"Adrenaline","floor":25.0},{"not_picked":["Bouncing Flask","Prepared"],"picked":"Tools of the Trade+1","floor":27.0},{"not_picked":["Underhanded Strike","Leg Sweep","Dagger Spray"],"picked":"SKIP","floor":30.0},{"not_picked":["Caltrops+1","Calculated Gamble"],"picked":"Deflect","floor":31},{"not_picked":["Phantasmal Killer","Night Terror"],"picked":"Venomology","floor":33},{"not_picked":["Deadly Poison","Flying Knee","Slice"],"picked":"SKIP","floor":35},{"not_picked":["Choke","Deadly Poison","Dagger Throw"],"picked":"SKIP","floor":37},{"not_picked":["Prepared","Accuracy+1"],"picked":"Backflip","floor":38},{"not_picked":["Cloak And Dagger","Acrobatics","Dagger Spray"],"picked":"SKIP","floor":40},{"not_picked":["Dagger Throw","Infinite Blades+1"],"picked":"Crippling Poison","floor":41},{"not_picked":["Cloak And Dagger+1","Skewer+1","Dagger Spray+1"],"picked":"SKIP","floor":42},{"not_picked":["Prepared+1","Unload+1","Deadly Poison"],"picked":"SKIP","floor":44},{"not_picked":["Unload+1","Deadly Poison"],"picked":"Prepared+1","floor":44},{"not_picked":["Backflip","Cloak And Dagger"],"picked":"Caltrops+1","floor":47}],"player_experience":4945554,"relics_obtained":[{"floor":3.0,"key":"Frozen Egg 2"},{"floor":6.0,"key":"PreservedInsect"},{"floor":8.0,"key":"Paper Crane"},{"floor":9.0,"key":"Ancient Tea Set"},{"floor":10.0,"key":"Juzu Bracelet"},{"floor":11.0,"key":"Odd Mushroom"},{"floor":23.0,"key":"Mercury Hourglass"},{"floor":23.0,"key":"Old Coin"},{"floor":26.0,"key":"Meat on the Bone"},{"floor":27.0,"key":"Bag of Preparation"},{"floor":27.0,"key":"Omamori"},{"floor":31,"key":"Happy Flower"},{"floor":31,"key":"Torii"},{"floor":40,"key":"Toy Ornithopter"},{"floor":40,"key":"Darkstone Periapt"},{"floor":42,"key":"Lantern"},{"floor":42,"key":"The Courier"},{"floor":43,"key":"StrikeDummy"},{"floor":44,"key":"Orichalcum"},{"floor":44,"key":"Molten Egg 2"},{"floor":47,"key":"MawBank"},{"floor":47,"key":"Lizard Tail"}],"event_choices":[{"damage_healed":0.0,"max_hp_gain":0.0,"max_hp_loss":0.0,"gold_gain":0.0,"event_name":"Wheel of Change","player_choice":"Relic","floor":3.0,"gold_loss":0.0,"damage_taken":0.0},{"damage_healed":0.0,"max_hp_gain":0.0,"max_hp_loss":0.0,"gold_gain":0.0,"event_name":"The Woman in Blue","player_choice":"Bought 1 Potion","floor":5.0,"gold_loss":0.0,"damage_taken":0.0},{"damage_healed":0.0,"max_hp_gain":0.0,"max_hp_loss":0.0,"gold_gain":0.0,"event_name":"Mushrooms","player_choice":"Fought Mushrooms","floor":11.0,"gold_loss":0.0,"damage_taken":0.0},{"damage_healed":0.0,"max_hp_gain":0.0,"max_hp_loss":0.0,"gold_gain":0.0,"event_name":"Liars Game","player_choice":"Ignored","floor":13.0,"gold_loss":0.0,"damage_taken":0.0},{"damage_healed":16.0,"max_hp_gain":0.0,"max_hp_loss":0.0,"gold_gain":0.0,"event_name":"The Cleric","player_choice":"Healed","floor":14.0,"gold_loss":35.0,"damage_taken":0.0},{"damage_healed":0.0,"max_hp_gain":0.0,"max_hp_loss":0.0,"gold_gain":0.0,"event_name":"Drug Dealer","player_choice":"Inject Mutagens","floor":19.0,"gold_loss":0.0,"damage_taken":0.0,"relics_obtained":["MutagenicStrength"]},{"damage_healed":0.0,"max_hp_gain":0.0,"max_hp_loss":0.0,"gold_gain":0.0,"event_name":"Cursed Tome","player_choice":"Ignored","floor":29.0,"gold_loss":0.0,"damage_taken":0.0},{"damage_healed":13,"gold_gain":0,"player_choice":"Writhe","damage_taken":0,"max_hp_gain":0,"max_hp_loss":0,"event_name":"Winding Halls","floor":36,"gold_loss":0,"cards_obtained":["Writhe"]},{"damage_healed":0,"gold_gain":275,"player_choice":"Desecrate","damage_taken":0,"max_hp_gain":0,"max_hp_loss":0,"event_name":"Golden Shrine","floor":39,"gold_loss":0,"cards_obtained":["Regret"]},{"damage_healed":0,"gold_gain":0,"cards_transformed":["Strike_G"],"player_choice":"Transformed","damage_taken":0,"max_hp_gain":0,"max_hp_loss":0,"event_name":"Transmorgrifier","floor":46,"gold_loss":0,"cards_obtained":["Caltrops"]}],"is_beta":false,"boss_relics":[{"not_picked":["Busted Crown","Tiny House"],"picked":"Black Star"},{"not_picked":["Ring of the Serpent","Snecko Eye"],"picked":"Philosopher\u0027s Stone"}],"items_purged_floors":[12,28,48],"is_endless":false,"potions_floor_spawned":[2,6,10,18,20,25,30,31,37,41,42],"ascension_level":15}