{"gold_per_floor":[114,114,124,53,128,153,163,163,163,198,217,229,264,278,278,349,349,359,379,379,397,19,19,19,44,112,141,160,60,86,100,100,177,177,189,189,204,221,232,232,261,261,261,275,291,317,85,120,132,144],"floor_reached":51,"playtime":2052,"items_purged":["Strike_G","Strike_G","Strike_G"],"score":1623,"play_id":"c534764a-13e0-4a88-a1b7-17c6af1bf08a","local_time":"20211027103652","is_ascension_mode":true,"campfire_choices":[{"data":"Neutralize","floor":8.0,"key":"SMITH"},{"data":"Predator","floor":15.0,"key":"SMITH"},{"data":"Crippling Poison","floor":23.0,"key":"SMITH"},{"data":"Catalyst","floor":32.0,"key":"SMITH"},{"data":"Catalyst","floor":40.0,"key":"SMITH"},{"data":"Footwork","floor":42.0,"key":"SMITH"},{"floor":49.0,"key":"REST"}],"neow_cost":"NONE","seed_source_timestamp":93844116079000,"circlet_count":0,"master_deck":["AscendersBane","Strike_G","Defend_G","Defend_G","Defend_G","Defend_G+1","Defend_G","Survivor+1","Neutralize+1","Skewer","Predator+1","Footwork","Flying Knee","Cloak And Dagger","PiercingWail","Backflip","Bullet Time","Crippling Poison+1","Footwork+1","Corpse Explosion","Catalyst+1","Backflip","Catalyst+1","Deflect","PiercingWail+1","Die Die Die","CurseOfTheBell","Burst","Blur","Dagger Spray+1","Outmaneuver+1","Well Laid Plans","Apotheosis"],"special_seed":0,"relics":["Ring of the Snake","NeowsBlessing","FossilizedHelix","Bottled Flame","War Paint","Happy Flower","Philosopher\u0027s Stone","Ice Cream","Anchor","Pear","Paper Crane","Toy Ornithopter","Calling Bell","PreservedInsect","Kunai","Thread and Needle","Smiling Mask","Mercury Hourglass","Bag of Marbles","MawBank"],"potions_floor_usage":[50,50],"damage_taken":[{"damage":0.0,"enemies":"Small Slimes","floor":1.0,"turns":1.0},{"damage":0.0,"enemies":"2 Louse","floor":3.0,"turns":1.0},{"damage":0.0,"enemies":"Gremlin Nob","floor":6.0,"turns":1.0},{"damage":0.0,"enemies":"Cultist","floor":7.0,"turns":3.0},{"damage":16.0,"enemies":"3 Sentries","floor":10.0,"turns":9.0},{"damage":0.0,"enemies":"Exordium Wildlife","floor":11.0,"turns":3.0},{"damage":0.0,"enemies":"3 Louse","floor":12.0,"turns":3.0},{"damage":9.0,"enemies":"Lagavulin","floor":13.0,"turns":8.0},{"damage":0.0,"enemies":"2 Fungi Beasts","floor":14.0,"turns":4.0},{"damage":12.0,"enemies":"The Guardian","floor":16.0,"turns":12.0},{"damage":0.0,"enemies":"Chosen","floor":18.0,"turns":4.0},{"damage":0.0,"enemies":"Spheric Guardian","floor":19.0,"turns":5.0},{"damage":3.0,"enemies":"Centurion and Healer","floor":21.0,"turns":4.0},{"damage":8.0,"enemies":"Slavers","floor":25.0,"turns":3.0},{"damage":6.0,"enemies":"Book of Stabbing","floor":27.0,"turns":6.0},{"damage":0.0,"enemies":"3 Cultists","floor":28.0,"turns":4.0},{"damage":0.0,"enemies":"Shelled Parasite and Fungi","floor":31.0,"turns":5.0},{"damage":10.0,"enemies":"Collector","floor":33.0,"turns":6.0},{"damage":0.0,"enemies":"3 Shapes","floor":35.0,"turns":5.0},{"damage":0.0,"enemies":"Orb Walker","floor":37.0,"turns":3.0},{"damage":0.0,"enemies":"Writhing Mass","floor":38.0,"turns":8.0},{"damage":0.0,"enemies":"3 Darklings","floor":39.0,"turns":3.0},{"damage":37.0,"enemies":"Reptomancer","floor":41.0,"turns":7.0},{"damage":0.0,"enemies":"4 Shapes","floor":44.0,"turns":4.0},{"damage":0.0,"enemies":"Sphere and 2 Shapes","floor":45.0,"turns":6.0},{"damage":0.0,"enemies":"Nemesis","floor":46.0,"turns":5.0},{"damage":0.0,"enemies":"Reptomancer","floor":48.0,"turns":4.0},{"damage":0,"enemies":"Awakened One","floor":50,"turns":13}],"seed_played":"-9131812755715956426","potions_obtained":[{"floor":3.0,"key":"FearPotion"},{"floor":6.0,"key":"Poison Potion"},{"floor":12.0,"key":"Strength Potion"},{"floor":16.0,"key":"EssenceOfSteel"},{"floor":25.0,"key":"DuplicationPotion"},{"floor":38.0,"key":"Dexterity Potion"},{"floor":39.0,"key":"PowerPotion"},{"floor":44.0,"key":"GamblersBrew"},{"floor":45.0,"key":"ColorlessPotion"}],"is_trial":false,"path_per_floor":["M","?","M","$","?","E","M","R","T","E","M","M","E","M","R","B",null,"M","M","?","M","$","R","$","E","T","E","M","$","T","M","R","B",null,"M","?","M","M","M","R","E","R","T","M","M","E","$","E","R","B",null],"character_chosen":"THE_SILENT","items_purchased":["Footwork","Ice Cream","Apotheosis"],"campfire_rested":1,"item_purchase_floors":[4,22,47],"current_hp_per_floor":[59,64,64,64,53,53,53,53,53,37,37,37,28,28,28,16,57,57,57,57,54,54,54,54,46,56,50,50,50,50,50,50,45,72,72,72,72,72,77,77,40,40,40,40,45,45,45,45,69,79],"gold":156,"neow_bonus":"THREE_ENEMY_KILL","is_prod":false,"is_daily":false,"chose_seed":false,"campfire_upgraded":6,"win_rate":0,"timestamp":1635356212,"path_taken":["M","?","M","$","?","E","M","R","T","E","M","M","E","M","R","BOSS","M","M","?","M","$","R","$","E","T","E","M","$","?","?","R","BOSS","M","?","M","M","M","R","E","R","T","M","M","E","$","E","R","BOSS"],"build_version":"2020-12-22","purchased_purges":3,"victory":true,"max_hp_per_floor":[66,71,71,71,71,71,71,71,71,71,71,71,71,71,71,71,71,71,71,71,71,71,71,71,71,81,81,81,81,81,81,81,81,81,81,81,81,81,81,81,81,81,81,81,81,81,81,81,81,81],"card_choices":[{"not_picked":["Quick Slash","Well Laid Plans"],"picked":"Skewer","floor":1.0},{"not_picked":["Acrobatics","Backflip"],"picked":"Predator","floor":3.0},{"not_picked":["Unload","Acrobatics"],"picked":"Flying Knee","floor":6.0},{"not_picked":["Prepared","Finisher"],"picked":"Cloak And Dagger","floor":7.0},{"not_picked":["Riddle With Holes","Acrobatics","Bane"],"picked":"SKIP","floor":10.0},{"not_picked":["Cloak And Dagger","Sucker Punch"],"picked":"PiercingWail","floor":11.0},{"not_picked":["Unload","Expertise"],"picked":"Backflip","floor":12.0},{"not_picked":["Slice","Cloak And Dagger","Masterful Stab"],"picked":"SKIP","floor":13.0},{"not_picked":["Masterful Stab","Poisoned Stab","Flying Knee"],"picked":"SKIP","floor":14.0},{"not_picked":["A Thousand Cuts","Doppelganger"],"picked":"Bullet Time","floor":16.0},{"not_picked":["Riddle With Holes","Infinite Blades"],"picked":"Crippling Poison","floor":18.0},{"not_picked":["Prepared","Quick Slash+1"],"picked":"Footwork","floor":19.0},{"not_picked":["Bane","Flying Knee+1"],"picked":"Catalyst","floor":21.0},{"not_picked":["Accuracy+1","Reflex"],"picked":"Backflip","floor":25.0},{"not_picked":["Outmaneuver","Prepared"],"picked":"Catalyst","floor":27.0},{"not_picked":["Slice","Tactician"],"picked":"Deflect","floor":28.0},{"not_picked":["Underhanded Strike","Flying Knee"],"picked":"PiercingWail+1","floor":31.0},{"not_picked":["Unload","Corpse Explosion"],"picked":"Die Die Die","floor":33.0},{"not_picked":["Slice","Sucker Punch","Flying Knee"],"picked":"SKIP","floor":35.0},{"not_picked":["Poisoned Stab","Infinite Blades+1","Concentrate"],"picked":"SKIP","floor":37.0},{"not_picked":["Footwork+1","All Out Attack+1","Finisher"],"picked":"SKIP","floor":38.0},{"not_picked":["Prepared+1","Sucker Punch"],"picked":"Burst","floor":39.0},{"not_picked":["Deflect","Dagger Spray"],"picked":"Blur","floor":41.0},{"not_picked":["Poisoned Stab","Quick Slash"],"picked":"Dagger Spray+1","floor":44.0},{"not_picked":["Slice+1","Blade Dance"],"picked":"Outmaneuver+1","floor":45.0},{"not_picked":["Phantasmal Killer","Cloak And Dagger+1"],"picked":"Well Laid Plans","floor":46.0},{"not_picked":["Blade Dance","Prepared","Deflect"],"picked":"SKIP","floor":48.0}],"player_experience":4969502,"relics_obtained":[{"floor":6.0,"key":"FossilizedHelix"},{"floor":9.0,"key":"Bottled Flame"},{"floor":10.0,"key":"War Paint"},{"floor":13.0,"key":"Happy Flower"},{"floor":25.0,"key":"Anchor"},{"floor":26.0,"key":"Pear"},{"floor":27.0,"key":"Paper Crane"},{"floor":30.0,"key":"Toy Ornithopter"},{"floor":34.0,"key":"PreservedInsect"},{"floor":34.0,"key":"Kunai"},{"floor":34.0,"key":"Thread and Needle"},{"floor":41.0,"key":"Smiling Mask"},{"floor":43.0,"key":"Mercury Hourglass"},{"floor":46.0,"key":"Bag of Marbles"},{"floor":48.0,"key":"MawBank"}],"event_choices":[{"damage_healed":0.0,"max_hp_gain":5.0,"max_hp_loss":0.0,"gold_gain":0.0,"event_name":"Big Fish","player_choice":"Donut","floor":2.0,"gold_loss":0.0,"damage_taken":0.0},{"damage_healed":0.0,"max_hp_gain":0.0,"max_hp_loss":0.0,"gold_gain":75.0,"event_name":"World of Goop","player_choice":"Gather Gold","floor":5.0,"gold_loss":0.0,"damage_taken":11.0},{"damage_healed":0.0,"max_hp_gain":0.0,"max_hp_loss":0.0,"gold_gain":0.0,"event_name":"Match and Keep!","player_choice":"1 cards matched","floor":20.0,"gold_loss":0.0,"damage_taken":0.0,"cards_obtained":["Corpse Explosion"]},{"cards_removed":["Strike_G"],"damage_healed":0.0,"max_hp_gain":0.0,"max_hp_loss":0.0,"gold_gain":0.0,"event_name":"Falling","player_choice":"Removed Attack","floor":36.0,"gold_loss":0.0,"damage_taken":0.0}],"is_beta":false,"boss_relics":[{"not_picked":["Coffee Dripper","Pandora\u0027s Box"],"picked":"Philosopher\u0027s Stone"},{"not_picked":["Velvet Choker","WristBlade"],"picked":"Calling Bell"}],"items_purged_floors":[22,29,47],"is_endless":false,"potions_floor_spawned":[3,6,10,12,13,16,25,28,31,38,39,44,45],"ascension_level":15}