{"gold_per_floor":[118,133,7,82,97,97,108,108,108,133,133,151,151,183,183,261,261,273,198,148,163,176,207,207,242,242,242,260,139,139,158,158,235,235,255,272,222,222,22,57,57,86,86,86,0,28,40,71,71,71],"floor_reached":51,"playtime":2506,"items_purged":["Strike_G","Strike_G","Strike_G","Clumsy","Strike_G"],"score":1513,"play_id":"354629f5-406e-4a14-9d57-6773bc4c4ac9","local_time":"20211025231039","is_ascension_mode":true,"campfire_choices":[{"data":"Neutralize","floor":6.0,"key":"SMITH"},{"data":"Poisoned Stab","floor":8.0,"key":"SMITH"},{"data":"Blade Dance","floor":13.0,"key":"SMITH"},{"data":"Glass Knife","floor":15.0,"key":"SMITH"},{"data":"A Thousand Cuts","floor":24.0,"key":"SMITH"},{"data":"Cloak And Dagger","floor":30.0,"key":"SMITH"},{"floor":32.0,"key":"REST"},{"data":"Dagger Spray","floor":41.0,"key":"PURGE"},{"data":"Defend_G","floor":44,"key":"PURGE"},{"floor":49,"key":"REST"}],"neow_cost":"NONE","seed_source_timestamp":53181634163500,"circlet_count":0,"master_deck":["AscendersBane","Defend_G","Defend_G","Defend_G","Defend_G","Survivor","Neutralize+1","Poisoned Stab+1","PiercingWail","Blade Dance+1","Glass Knife+1","Infinite Blades","A Thousand Cuts+1","Dodge and Roll","Well Laid Plans","Cloak And Dagger+1","Deflect+1","Blade Dance+1","Backflip+1","Prepared+1","Malaise+1","Acrobatics+1","Leg Sweep+1","Dodge and Roll+1","Finisher+1","Dodge and Roll+1"],"special_seed":0,"relics":["Ring of the Snake","Bag of Marbles","Question Card","Kunai","Smiling Mask","Cursed Key","InkBottle","Peace Pipe","Toxic Egg 2","Fusion Hammer","Chemical X","Molten Egg 2","Bronze Scales","Red Mask","Singing Bowl","StrikeDummy"],"potions_floor_usage":[50,50],"damage_taken":[{"damage":0.0,"enemies":"Small Slimes","floor":1.0,"turns":5.0},{"damage":6.0,"enemies":"Jaw Worm","floor":2.0,"turns":4.0},{"damage":0.0,"enemies":"Cultist","floor":5.0,"turns":4.0},{"damage":0.0,"enemies":"Exordium Thugs","floor":7.0,"turns":1.0},{"damage":7.0,"enemies":"Lagavulin","floor":10.0,"turns":5.0},{"damage":0.0,"enemies":"2 Fungi Beasts","floor":12.0,"turns":3.0},{"damage":4.0,"enemies":"3 Sentries","floor":14.0,"turns":4.0},{"damage":12.0,"enemies":"Hexaghost","floor":16.0,"turns":9.0},{"damage":3.0,"enemies":"Spheric Guardian","floor":18.0,"turns":4.0},{"damage":0.0,"enemies":"3 Byrds","floor":21.0,"turns":4.0},{"damage":1.0,"enemies":"Cultist and Chosen","floor":22.0,"turns":6.0},{"damage":10.0,"enemies":"Book of Stabbing","floor":23.0,"turns":6.0},{"damage":2.0,"enemies":"Gremlin Leader","floor":25.0,"turns":6.0},{"damage":6.0,"enemies":"Shelled Parasite and Fungi","floor":28.0,"turns":5.0},{"damage":11.0,"enemies":"Snake Plant","floor":31.0,"turns":5.0},{"damage":16.0,"enemies":"Automaton","floor":33.0,"turns":8.0},{"damage":0.0,"enemies":"3 Darklings","floor":35.0,"turns":4.0},{"damage":0.0,"enemies":"Orb Walker","floor":36.0,"turns":2.0},{"damage":0.0,"enemies":"Giant Head","floor":40.0,"turns":8.0},{"damage":0.0,"enemies":"Nemesis","floor":42.0,"turns":7.0},{"damage":0,"enemies":"Giant Head","floor":46,"turns":8},{"damage":13,"enemies":"Spire Growth","floor":47,"turns":4},{"damage":3,"enemies":"Reptomancer","floor":48,"turns":5},{"damage":47,"enemies":"Time Eater","floor":50,"turns":14}],"seed_played":"-4140817494977015639","potions_obtained":[{"floor":1.0,"key":"SteroidPotion"},{"floor":7.0,"key":"EntropicBrew"},{"floor":12.0,"key":"AttackPotion"},{"floor":16.0,"key":"SpeedPotion"},{"floor":18.0,"key":"DistilledChaos"}],"is_trial":false,"path_per_floor":["M","M","$","?","M","R","M","R","T","E","?","M","R","E","R","B",null,"M","?","$","M","M","E","R","E","T","?","M","$","R","M","R","B",null,"M","M","$","?","$","E","R","E","T","R","?","E","M","E","R","B",null],"character_chosen":"THE_SILENT","items_purchased":["Poison Potion","Backflip+1","SteroidPotion","Chemical X"],"campfire_rested":2,"item_purchase_floors":[3,29,29,39],"current_hp_per_floor":[59,53,53,42,42,42,42,42,42,35,35,35,35,31,31,19,54,51,51,51,51,50,40,40,38,38,38,32,32,32,21,40,24,56,56,56,56,56,56,56,56,56,56,56,56,56,43,42,62,15],"gold":71,"neow_bonus":"RANDOM_COMMON_RELIC","is_prod":false,"is_daily":false,"chose_seed":false,"campfire_upgraded":6,"win_rate":0,"timestamp":1635228639,"path_taken":["M","M","$","?","M","R","M","R","T","E","?","?","R","E","R","BOSS","M","?","$","M","M","E","R","E","T","?","M","$","R","M","R","BOSS","M","M","$","?","$","E","R","E","T","R","?","E","M","E","R","BOSS"],"build_version":"2020-12-22","purchased_purges":5,"victory":true,"max_hp_per_floor":[66,66,66,66,66,66,66,66,66,66,66,66,66,66,66,66,66,66,66,66,66,66,66,66,66,66,66,66,66,66,66,66,66,66,66,66,66,66,66,66,66,66,66,66,66,66,66,68,68,68],"card_choices":[{"not_picked":["Masterful Stab","Slice","Acrobatics"],"picked":"SKIP","floor":1.0},{"not_picked":["Sucker Punch","Flying Knee"],"picked":"Dagger Spray","floor":2.0},{"not_picked":["Deflect","Dagger Throw"],"picked":"Poisoned Stab","floor":5.0},{"not_picked":["Catalyst","Reflex"],"picked":"PiercingWail","floor":7.0},{"not_picked":["Poisoned Stab","Bullet Time","Sucker Punch"],"picked":"Dagger Throw","floor":10.0},{"not_picked":["Poisoned Stab","Dagger Throw","Tactician","Riddle With Holes"],"picked":"SKIP","floor":12.0},{"not_picked":["Caltrops","Dagger Throw","Deadly Poison"],"picked":"Infinite Blades","floor":14.0},{"not_picked":["Venomology","Storm of Steel","Die Die Die"],"picked":"A Thousand Cuts","floor":16.0},{"not_picked":["Bane","Deflect","Slice"],"picked":"Dodge and Roll","floor":18.0},{"not_picked":["Terror","Expertise","Deflect","Endless Agony"],"picked":"SKIP","floor":21.0},{"not_picked":["Deadly Poison","Underhanded Strike","PiercingWail"],"picked":"Well Laid Plans","floor":22.0},{"not_picked":["Escape Plan","Phantasmal Killer","Outmaneuver"],"picked":"Cloak And Dagger","floor":23.0},{"not_picked":["Dash","PiercingWail","Dodge and Roll"],"picked":"Deflect+1","floor":25.0},{"not_picked":["Backflip+1","Poisoned Stab","Dagger Spray"],"picked":"Blade Dance+1","floor":28.0},{"not_picked":["Poisoned Stab","Masterful Stab","Bane"],"picked":"Prepared+1","floor":31.0},{"not_picked":["Envenom","Bullet Time+1","Tools of the Trade"],"picked":"Malaise+1","floor":33.0},{"not_picked":["Riddle With Holes","Dodge and Roll+1","Infinite Blades"],"picked":"Acrobatics+1","floor":35.0},{"not_picked":["PiercingWail+1","Riddle With Holes","Crippling Poison+1"],"picked":"Leg Sweep+1","floor":36.0},{"not_picked":["Deflect+1","Bane+1","Well Laid Plans","Dagger Throw+1"],"picked":"SKIP","floor":40.0},{"not_picked":["Tools of the Trade","Noxious Fumes","Skewer+1"],"picked":"Dodge and Roll+1","floor":42.0},{"not_picked":["Noxious Fumes","Riddle With Holes+1","Venomology+1"],"picked":"Finisher+1","floor":46},{"not_picked":["Deflect+1","Slice+1","Reflex+1"],"picked":"Dodge and Roll+1","floor":47},{"not_picked":["Infinite Blades","Poisoned Stab+1","Masterful Stab+1","Concentrate+1"],"picked":"Singing Bowl","floor":48}],"player_experience":4961338,"relics_obtained":[{"floor":9.0,"key":"Question Card"},{"floor":10.0,"key":"Kunai"},{"floor":14.0,"key":"Smiling Mask"},{"floor":23.0,"key":"InkBottle"},{"floor":25.0,"key":"Peace Pipe"},{"floor":26.0,"key":"Toxic Egg 2"},{"floor":40.0,"key":"Molten Egg 2"},{"floor":42.0,"key":"Bronze Scales"},{"floor":46,"key":"Singing Bowl"},{"floor":48,"key":"StrikeDummy"}],"event_choices":[{"damage_healed":0.0,"max_hp_gain":0.0,"max_hp_loss":0.0,"gold_gain":75.0,"event_name":"World of Goop","player_choice":"Gather Gold","floor":4.0,"gold_loss":0.0,"damage_taken":11.0},{"damage_healed":0.0,"max_hp_gain":0.0,"max_hp_loss":0.0,"gold_gain":0.0,"event_name":"Match and Keep!","player_choice":"2 cards matched","floor":11.0,"gold_loss":0.0,"damage_taken":0.0,"cards_obtained":["Blade Dance","Glass Knife"]},{"cards_removed":["Strike_G"],"damage_healed":0.0,"max_hp_gain":0.0,"max_hp_loss":0.0,"gold_gain":0.0,"event_name":"Beggar","player_choice":"Gave Gold","floor":19.0,"gold_loss":75.0,"damage_taken":0.0},{"damage_healed":0.0,"max_hp_gain":0.0,"max_hp_loss":0.0,"gold_gain":0.0,"event_name":"Ghosts","player_choice":"Ignored","floor":27.0,"gold_loss":0.0,"damage_taken":0.0},{"cards_removed":["Dagger Throw"],"damage_healed":0.0,"max_hp_gain":0.0,"max_hp_loss":0.0,"gold_gain":0.0,"event_name":"Falling","player_choice":"Removed Attack","floor":38.0,"gold_loss":0.0,"damage_taken":0.0},{"damage_healed":0,"gold_gain":0,"player_choice":"Paid","damage_taken":0,"relics_obtained":["Red Mask"],"max_hp_gain":0,"max_hp_loss":0,"event_name":"Tomb of Lord Red Mask","floor":45,"gold_loss":86}],"is_beta":false,"boss_relics":[{"not_picked":["Snecko Eye","Black Star"],"picked":"Cursed Key"},{"not_picked":["Velvet Choker","Tiny House"],"picked":"Fusion Hammer"}],"items_purged_floors":[3,20,29,37,39],"is_endless":false,"potions_floor_spawned":[1,7,12,16,18,22,31,35,40,42],"ascension_level":15}