{"gold_per_floor":[161,436,134,146,162,162,179,206,232,232,243,276,276,296,296,375,375,387,367,367,267,267,293,218,247,270,270,320,320],"floor_reached":29,"playtime":1042,"items_purged":["Regret","Bite"],"score":524,"play_id":"2692b78a-5373-4afb-8093-4691e97f139b","local_time":"20211026221740","is_ascension_mode":true,"campfire_choices":[{"data":"Neutralize","floor":6.0,"key":"SMITH"},{"data":"All Out Attack","floor":10.0,"key":"SMITH"},{"data":"Footwork","floor":13.0,"key":"SMITH"},{"data":"Caltrops","floor":15.0,"key":"SMITH"},{"data":"Malaise","floor":27,"key":"SMITH"}],"neow_cost":"NONE","seed_source_timestamp":50417773014000,"circlet_count":0,"master_deck":["AscendersBane","Defend_G","Defend_G","Defend_G","Defend_G","Defend_G","Survivor","Neutralize+1","Bouncing Flask","Cloak And Dagger","Footwork+1","All Out Attack+1","Predator","Dodge and Roll","Poisoned Stab","Caltrops+1","Deflect","Escape Plan","Malaise+1","CurseOfTheBell","Backflip","Bite","Bite","Bite","Bite","Tactician+1"],"special_seed":0,"relics":["Tiny House","Oddly Smooth Stone","Strawberry","Regal Pillow","Calling Bell","Pen Nib","Mummified Hand","CaptainsWheel","Centennial Puzzle","Bag of Preparation","Toy Ornithopter"],"potions_floor_usage":[16,19,23,29],"damage_taken":[{"damage":5.0,"enemies":"Small Slimes","floor":1.0,"turns":5.0},{"damage":0.0,"enemies":"Cultist","floor":4.0,"turns":3.0},{"damage":1.0,"enemies":"Jaw Worm","floor":5.0,"turns":4.0},{"damage":5.0,"enemies":"Looter","floor":7.0,"turns":4.0},{"damage":23.0,"enemies":"Gremlin Nob","floor":8.0,"turns":4.0},{"damage":1.0,"enemies":"2 Fungi Beasts","floor":11.0,"turns":2.0},{"damage":5.0,"enemies":"Lagavulin","floor":12.0,"turns":9.0},{"damage":3.0,"enemies":"Large Slime","floor":14.0,"turns":6.0},{"damage":23,"enemies":"Slime Boss","floor":16,"turns":13},{"damage":0,"enemies":"3 Byrds","floor":18,"turns":6},{"damage":22,"enemies":"2 Thieves","floor":19,"turns":4},{"damage":30,"enemies":"Slavers","floor":23,"turns":7},{"damage":5,"enemies":"Book of Stabbing","floor":25,"turns":7},{"damage":70,"enemies":"Gremlin Leader","floor":29,"turns":6}],"seed_played":"-4410699687091185079","potions_obtained":[{"floor":0.0,"key":"Fruit Juice"},{"floor":1.0,"key":"LiquidMemories"},{"floor":5.0,"key":"SmokeBomb"},{"floor":7.0,"key":"ColorlessPotion"},{"floor":8.0,"key":"SpeedPotion"},{"floor":16,"key":"Swift Potion"},{"floor":18,"key":"Fruit Juice"},{"floor":19,"key":"Block Potion"},{"floor":25,"key":"LiquidBronze"}],"is_trial":false,"path_per_floor":["M","?","$","M","M","R","M","E","T","R","M","E","R","M","R","B",null,"M","M","?","$","?","E","?","E","T","R","?","E"],"character_chosen":"THE_SILENT","items_purchased":["Footwork","Oddly Smooth Stone"],"campfire_rested":0,"item_purchase_floors":[3,3],"current_hp_per_floor":[59,59,59,59,63,63,58,42,42,42,41,36,36,35,35,14,66,68,53,53,53,53,33,33,42,42,42,42,0],"gold":320,"neow_bonus":"BOSS_RELIC","is_prod":false,"is_daily":false,"chose_seed":false,"campfire_upgraded":5,"win_rate":0,"timestamp":1635311860,"path_taken":["M","?","$","M","M","R","M","E","T","R","M","E","R","?","R","BOSS","M","M","?","$","?","E","?","E","T","R","?","E"],"build_version":"2020-12-22","purchased_purges":2,"victory":false,"max_hp_per_floor":[71,71,71,71,76,76,76,83,83,83,83,83,83,83,83,83,83,83,88,88,88,88,88,88,88,88,88,88,88],"card_choices":[{"not_picked":["Blur","Outmaneuver"],"picked":"Bouncing Flask","floor":0.0},{"not_picked":["Slice","Flechettes"],"picked":"Cloak And Dagger","floor":1.0},{"not_picked":["Well Laid Plans","PiercingWail"],"picked":"All Out Attack","floor":4.0},{"not_picked":["Deadly Poison","Poisoned Stab"],"picked":"Predator","floor":5.0},{"not_picked":["Cloak And Dagger","Bane"],"picked":"Dodge and Roll","floor":7.0},{"not_picked":["Slice","Blade Dance"],"picked":"Poisoned Stab","floor":8.0},{"not_picked":["Dagger Spray","Glass Knife"],"picked":"Caltrops","floor":11.0},{"not_picked":["All Out Attack","Acrobatics"],"picked":"Deflect","floor":12.0},{"not_picked":["All Out Attack","Choke"],"picked":"Escape Plan","floor":14.0},{"not_picked":["Phantasmal Killer","Venomology"],"picked":"Malaise","floor":16},{"not_picked":["Dodge and Roll","Expertise"],"picked":"Backflip","floor":18},{"not_picked":["Acrobatics","Dagger Spray"],"picked":"Infinite Blades+1","floor":19},{"not_picked":["Cloak And Dagger","Dagger Spray","Underhanded Strike"],"picked":"SKIP","floor":23},{"not_picked":["Noxious Fumes","Underhanded Strike"],"picked":"Tactician+1","floor":25}],"player_experience":4968460,"relics_obtained":[{"floor":8.0,"key":"Strawberry"},{"floor":9.0,"key":"Regal Pillow"},{"floor":12.0,"key":"Blood Vial"},{"floor":17,"key":"Pen Nib"},{"floor":17,"key":"Mummified Hand"},{"floor":17,"key":"CaptainsWheel"},{"floor":23,"key":"Centennial Puzzle"},{"floor":25,"key":"Bag of Preparation"},{"floor":26,"key":"Toy Ornithopter"}],"event_choices":[{"damage_healed":0.0,"max_hp_gain":0.0,"max_hp_loss":0.0,"gold_gain":275.0,"event_name":"Golden Shrine","player_choice":"Desecrate","floor":2.0,"gold_loss":0.0,"damage_taken":0.0,"cards_obtained":["Regret"]},{"damage_healed":0,"gold_gain":0,"player_choice":"Became a vampire (Vial)","damage_taken":0,"max_hp_gain":0,"max_hp_loss":0,"event_name":"Vampires","floor":20,"relics_lost":["Blood Vial"],"gold_loss":0,"cards_obtained":["Bite","Bite","Bite","Bite","Bite"]},{"damage_healed":0,"gold_gain":0,"player_choice":"Ignored","damage_taken":0,"max_hp_gain":0,"max_hp_loss":0,"event_name":"Ghosts","floor":22,"gold_loss":0},{"cards_removed":["Infinite Blades"],"damage_healed":0,"gold_gain":0,"player_choice":"Gave Gold","damage_taken":0,"max_hp_gain":0,"max_hp_loss":0,"event_name":"Beggar","floor":24,"gold_loss":75},{"damage_healed":0,"gold_gain":50,"player_choice":"Stole From Cult","damage_taken":0,"max_hp_gain":0,"max_hp_loss":0,"event_name":"Nest","floor":28,"gold_loss":0}],"is_beta":false,"boss_relics":[{"not_picked":["Busted Crown","SlaversCollar"],"picked":"Calling Bell"}],"items_purged_floors":[3,21],"is_endless":false,"potions_floor_spawned":[1,5,7,8,16,18,19,25],"killed_by":"Gremlin Leader","ascension_level":15}