{"gold_per_floor":[116,116,116,36,36,64,64,78,101,126,126,151,151,180,180,259,259,278,193,218,27,27,27,57,71,71,71,102,116,116,116,116,116],"floor_reached":33,"playtime":966,"items_purged":["Strike_G"],"score":581,"play_id":"b56bec29-f411-450a-8d4e-07eeadc526c1","local_time":"20211220211935","is_ascension_mode":true,"campfire_choices":[{"data":"Neutralize","floor":7.0,"key":"SMITH"},{"data":"Skewer","floor":11.0,"key":"SMITH"},{"floor":13.0,"key":"REST"},{"data":"Caltrops","floor":15.0,"key":"SMITH"},{"data":"Envenom","floor":23.0,"key":"SMITH"},{"data":"Burst","floor":30,"key":"SMITH"},{"data":"Strike_G","floor":32,"key":"PURGE"}],"neow_cost":"NONE","seed_source_timestamp":117440104536400,"circlet_count":0,"master_deck":["AscendersBane","Strike_G","Strike_G","Defend_G","Defend_G","Defend_G","Defend_G","Defend_G","Survivor","Neutralize+1","Poisoned Stab","Caltrops+1","Dash+1","Skewer+1","Dagger Throw","PiercingWail","Envenom+1","Eviscerate+1","Cloak And Dagger+1","Burst+1","Calculated Gamble"],"special_seed":0,"relics":["Ring of the Snake","NeowsBlessing","Juzu Bracelet","Smiling Mask","Boot","Snake Skull","Peace Pipe","Ninja Scroll","Bag of Preparation","Coffee Dripper","MawBank","TwistedFunnel","MutagenicStrength","MealTicket","White Beast Statue","Pen Nib"],"potions_floor_usage":[28,29,33,33],"damage_taken":[{"damage":0.0,"enemies":"Jaw Worm","floor":1.0,"turns":1.0},{"damage":0.0,"enemies":"Gremlin Nob","floor":6.0,"turns":1.0},{"damage":0.0,"enemies":"2 Louse","floor":8.0,"turns":1.0},{"damage":19.0,"enemies":"Lagavulin","floor":10.0,"turns":7.0},{"damage":6.0,"enemies":"Gremlin Nob","floor":12.0,"turns":3.0},{"damage":18.0,"enemies":"Lagavulin","floor":14.0,"turns":6.0},{"damage":6.0,"enemies":"Hexaghost","floor":16.0,"turns":10.0},{"damage":10.0,"enemies":"Shell Parasite","floor":18.0,"turns":6.0},{"damage":0.0,"enemies":"3 Byrds","floor":20.0,"turns":2.0},{"damage":5.0,"enemies":"Gremlin Leader","floor":24.0,"turns":7.0},{"damage":0.0,"enemies":"Snecko","floor":25.0,"turns":2.0},{"damage":7,"enemies":"Book of Stabbing","floor":28,"turns":4},{"damage":2,"enemies":"Shelled Parasite and Fungi","floor":29,"turns":5},{"damage":51,"enemies":"Automaton","floor":33,"turns":6}],"seed_played":"-1414846422419164919","potions_obtained":[{"floor":10.0,"key":"PowerPotion"},{"floor":12.0,"key":"SpeedPotion"},{"floor":16.0,"key":"Strength Potion"},{"floor":18.0,"key":"Weak Potion"},{"floor":20.0,"key":"CultistPotion"},{"floor":24.0,"key":"CunningPotion"},{"floor":28,"key":"ColorlessPotion"},{"floor":29,"key":"Fruit Juice"}],"is_trial":false,"path_per_floor":["M","?","?","$","T","E","R","M","T","E","R","E","R","E","R","B",null,"M","?","M","$","?","R","E","M","T","?","E","M","R","?","R","B"],"character_chosen":"THE_SILENT","items_purchased":["Caltrops","TwistedFunnel"],"campfire_rested":1,"item_purchase_floors":[4,21],"current_hp_per_floor":[59,52,47,47,47,47,47,47,47,28,28,22,41,23,23,17,54,44,44,44,44,44,44,39,39,39,39,32,30,30,30,30,0],"gold":116,"neow_bonus":"THREE_ENEMY_KILL","is_prod":false,"is_daily":false,"chose_seed":false,"campfire_upgraded":5,"win_rate":0,"timestamp":1640063975,"path_taken":["M","?","?","$","?","E","R","M","T","E","R","E","R","E","R","BOSS","M","?","M","$","?","R","E","M","T","?","E","M","R","?","R","BOSS"],"build_version":"2020-12-22","purchased_purges":1,"victory":false,"max_hp_per_floor":[66,66,66,66,66,66,66,66,66,66,66,66,66,66,66,66,66,66,66,66,66,66,66,66,66,66,66,66,66,66,66,66,71],"card_choices":[{"not_picked":["Outmaneuver","Cloak And Dagger"],"picked":"Poisoned Stab","floor":1.0},{"not_picked":["Flying Knee","Bane"],"picked":"Dash","floor":6.0},{"not_picked":["Underhanded Strike","Heel Hook"],"picked":"Skewer","floor":8.0},{"not_picked":["Masterful Stab","Bane"],"picked":"Dagger Throw","floor":10.0},{"not_picked":["Quick Slash","Dagger Throw"],"picked":"PiercingWail","floor":12.0},{"not_picked":["Endless Agony","Slice","Tools of the Trade"],"picked":"SKIP","floor":14.0},{"not_picked":["Doppelganger","Bullet Time"],"picked":"Envenom","floor":16.0},{"not_picked":["Underhanded Strike","Deadly Poison","Finisher"],"picked":"SKIP","floor":18.0},{"not_picked":["Bane","Caltrops"],"picked":"Eviscerate+1","floor":20.0},{"not_picked":["Prepared","Infinite Blades"],"picked":"Cloak And Dagger+1","floor":24.0},{"not_picked":["Deflect","Prepared","Riddle With Holes"],"picked":"SKIP","floor":25.0},{"not_picked":["Dagger Spray","Slice"],"picked":"Burst","floor":28},{"not_picked":["Deadly Poison","Dagger Spray"],"picked":"Calculated Gamble","floor":29}],"player_experience":4999801,"relics_obtained":[{"floor":5.0,"key":"Smiling Mask"},{"floor":6.0,"key":"Boot"},{"floor":9.0,"key":"Snake Skull"},{"floor":10.0,"key":"Peace Pipe"},{"floor":12.0,"key":"Ninja Scroll"},{"floor":14.0,"key":"Bag of Preparation"},{"floor":24.0,"key":"MealTicket"},{"floor":26.0,"key":"White Beast Statue"},{"floor":28,"key":"Pen Nib"}],"event_choices":[{"cards_removed":["Strike_G"],"damage_healed":0.0,"max_hp_gain":0.0,"max_hp_loss":0.0,"gold_gain":0.0,"event_name":"Golden Wing","player_choice":"Card Removal","floor":2.0,"gold_loss":0.0,"damage_taken":7.0},{"damage_healed":0.0,"max_hp_gain":0.0,"max_hp_loss":0.0,"gold_gain":0.0,"event_name":"Scrap Ooze","player_choice":"Success","floor":3.0,"gold_loss":0.0,"damage_taken":5.0,"relics_obtained":["Juzu Bracelet"]},{"damage_healed":0.0,"max_hp_gain":0.0,"max_hp_loss":0.0,"gold_gain":0.0,"event_name":"Addict","player_choice":"Obtained Relic","floor":19.0,"gold_loss":85.0,"damage_taken":0.0,"relics_obtained":["MawBank"]},{"damage_healed":0.0,"max_hp_gain":0.0,"max_hp_loss":0.0,"gold_gain":0.0,"event_name":"Drug Dealer","player_choice":"Inject Mutagens","floor":22.0,"gold_loss":0.0,"damage_taken":0.0,"relics_obtained":["MutagenicStrength"]},{"damage_healed":0.0,"max_hp_gain":0.0,"max_hp_loss":0.0,"gold_gain":0.0,"event_name":"The Mausoleum","player_choice":"Ignored","floor":27.0,"gold_loss":0.0,"damage_taken":0.0},{"damage_healed":0,"gold_gain":0,"player_choice":"Forge","damage_taken":0,"max_hp_gain":0,"max_hp_loss":0,"event_name":"Accursed Blacksmith","floor":31,"gold_loss":0,"cards_upgraded":["Dash"]}],"is_beta":false,"boss_relics":[{"not_picked":["Fusion Hammer","Sozu"],"picked":"Coffee Dripper"}],"items_purged_floors":[21],"is_endless":false,"potions_floor_spawned":[10,12,16,18,20,24,28,29],"killed_by":"Automaton","ascension_level":15}