{"gold_per_floor":[215,232,1,76,86,86,118,118,118,134,46,85,78,117,117,203,203,231,259,259,282,207,207,228,228,228,34,34,71,94,9,9,92,92,102,102,181,202,221,258,285,329,352,392,392,412,412,432,432,432,432,432,45,72,72],"floor_reached":56,"playtime":2984,"items_purged":["Strike_G","Strike_G","Strike_G"],"score":2122,"play_id":"de3e5c4e-6acf-4105-9f5d-b96a6905c4f7","local_time":"20211227222403","is_ascension_mode":true,"campfire_choices":[{"data":"Wraith Form v2","floor":6.0,"key":"SMITH"},{"data":"Poisoned Stab","floor":8.0,"key":"SMITH"},{"data":"Caltrops","floor":15.0,"key":"SMITH"},{"data":"Footwork","floor":23.0,"key":"SMITH"},{"data":"Well Laid Plans","floor":25.0,"key":"SMITH"},{"data":"Footwork","floor":28.0,"key":"SMITH"},{"data":"Neutralize","floor":32.0,"key":"SMITH"},{"floor":47.0,"key":"RECALL"},{"floor":49.0,"key":"REST"},{"floor":52.0,"key":"REST"}],"neow_cost":"NONE","seed_source_timestamp":133044725909100,"circlet_count":0,"master_deck":["AscendersBane","Defend_G","Defend_G","Defend_G","Defend_G","Defend_G","Survivor","Neutralize+1","Dagger Throw+1","Poisoned Stab+1","Wraith Form v2+1","Backstab+1","PiercingWail","Deflect","Leg Sweep+1","Footwork+1","Caltrops+1","Calculated Gamble+1","Adrenaline+1","Crippling Poison+1","Well Laid Plans+1","Deadly Poison+1","Acrobatics+1","Footwork+1","Leg Sweep+1","Tactician+1","Reflex+1","Catalyst+1","Prepared+1","Corpse Explosion+1","Blur+1","Adrenaline+1","Flechettes+1","Dodge and Roll+1","Acrobatics+1","Backflip+1","PiercingWail+1","Escape Plan+1","Quick Slash+1"],"special_seed":0,"relics":["Ring of the Snake","Meat on the Bone","Toxic Egg 2","CeramicFish","White Beast Statue","Philosopher\u0027s Stone","Mercury Hourglass","Molten Egg 2","Black Star","Gremlin Horn","Centennial Puzzle","Whetstone","Unceasing Top","Happy Flower","Shuriken","Regal Pillow","Snake Skull","TungstenRod","Bronze Scales"],"potions_floor_usage":[55,55],"damage_taken":[{"damage":0.0,"enemies":"2 Louse","floor":1.0,"turns":4.0},{"damage":7.0,"enemies":"Jaw Worm","floor":2.0,"turns":4.0},{"damage":0.0,"enemies":"Cultist","floor":5.0,"turns":3.0},{"damage":14.0,"enemies":"3 Sentries","floor":7.0,"turns":9.0},{"damage":0.0,"enemies":"3 Louse","floor":10.0,"turns":2.0},{"damage":23.0,"enemies":"Gremlin Nob","floor":12.0,"turns":5.0},{"damage":2.0,"enemies":"Exordium Thugs","floor":13.0,"turns":7.0},{"damage":12.0,"enemies":"Lagavulin","floor":14.0,"turns":12.0},{"damage":31.0,"enemies":"Slime Boss","floor":16.0,"turns":15.0},{"damage":0.0,"enemies":"Shell Parasite","floor":18.0,"turns":6.0},{"damage":26.0,"enemies":"3 Byrds","floor":19.0,"turns":4.0},{"damage":29.0,"enemies":"Snecko","floor":21.0,"turns":7.0},{"damage":8.0,"enemies":"Snake Plant","floor":24.0,"turns":4.0},{"damage":18.0,"enemies":"Book of Stabbing","floor":29.0,"turns":5.0},{"damage":0.0,"enemies":"3 Cultists","floor":30.0,"turns":4.0},{"damage":8.0,"enemies":"Champ","floor":33.0,"turns":7.0},{"damage":0.0,"enemies":"Orb Walker","floor":35.0,"turns":4.0},{"damage":3.0,"enemies":"3 Darklings","floor":38.0,"turns":3.0},{"damage":7.0,"enemies":"Sphere and 2 Shapes","floor":39.0,"turns":8.0},{"damage":0.0,"enemies":"Nemesis","floor":40.0,"turns":7.0},{"damage":4.0,"enemies":"Spire Growth","floor":41.0,"turns":6.0},{"damage":6.0,"enemies":"Giant Head","floor":42.0,"turns":7.0},{"damage":3.0,"enemies":"Reptomancer","floor":44.0,"turns":5.0},{"damage":0.0,"enemies":"Transient","floor":46.0,"turns":5.0},{"damage":7.0,"enemies":"3 Darklings","floor":48.0,"turns":2.0},{"damage":40.0,"enemies":"Time Eater","floor":50.0,"turns":10.0},{"damage":0.0,"enemies":"Shield and Spear","floor":54.0,"turns":5.0},{"damage":46,"enemies":"The Heart","floor":55,"turns":10}],"seed_played":"2411434020049399209","potions_obtained":[{"floor":2.0,"key":"Fire Potion"},{"floor":7.0,"key":"DistilledChaos"},{"floor":12.0,"key":"EssenceOfSteel"},{"floor":13.0,"key":"Energy Potion"},{"floor":16.0,"key":"LiquidBronze"},{"floor":21.0,"key":"DuplicationPotion"},{"floor":24.0,"key":"Explosive Potion"},{"floor":29.0,"key":"Energy Potion"},{"floor":30.0,"key":"AttackPotion"},{"floor":35.0,"key":"EntropicBrew"},{"floor":38.0,"key":"Explosive Potion"},{"floor":39.0,"key":"ColorlessPotion"},{"floor":41.0,"key":"Block Potion"},{"floor":44.0,"key":"Dexterity Potion"},{"floor":48.0,"key":"FearPotion"}],"is_trial":false,"path_per_floor":["M","M","$","?","M","R","E","R","T","M","$","E","M","E","R","B",null,"M","M","?","M","?","R","M","R","T","$","R","E","M","$","R","B",null,"M","?","T","M","M","E","M","E","T","E","?","M","R","M","R","B",null,"R","$","E","B",null],"character_chosen":"THE_SILENT","items_purchased":["Wraith Form v2","Backstab","Leg Sweep+1","Block Potion","Footwork","Leg Sweep+1","Catalyst+1","Prepared+1","Snake Skull","Swift Potion","Escape Plan+1","Quick Slash+1"],"campfire_rested":2,"item_purchase_floors":[3,3,11,11,27,27,31,31,53,53,53,53],"current_hp_per_floor":[59,52,52,41,41,41,27,27,27,39,39,28,38,38,38,19,54,54,40,40,23,23,23,27,27,27,27,27,21,33,33,33,37,59,59,59,59,56,49,49,45,39,39,36,36,36,36,41,63,35,56,63,63,63,29],"gold":72,"neow_bonus":"HUNDRED_GOLD","is_prod":false,"is_daily":false,"chose_seed":false,"campfire_upgraded":7,"win_rate":0,"timestamp":1640672643,"path_taken":["M","M","$","?","M","R","E","R","T","M","$","E","M","E","R","BOSS","M","M","?","?","?","R","M","R","T","$","R","E","M","$","R","BOSS","M","?","?","?","M","E","M","E","T","E","?","M","R","M","R","BOSS","R","$","E","BOSS"],"build_version":"2020-12-22","purchased_purges":3,"victory":true,"max_hp_per_floor":[66,66,66,66,66,66,66,66,66,66,66,66,66,66,66,66,66,66,66,66,66,66,66,66,66,66,66,66,66,66,66,66,66,66,66,63,63,63,63,63,63,63,63,63,63,63,63,63,63,63,63,63,63,63,63],"card_choices":[{"not_picked":["Blur","Cloak And Dagger"],"picked":"Dagger Throw","floor":1.0},{"not_picked":["Reflex","Outmaneuver"],"picked":"Poisoned Stab","floor":2.0},{"not_picked":["Outmaneuver","Infinite Blades"],"picked":"PiercingWail","floor":5.0},{"not_picked":["Flechettes","Riddle With Holes"],"picked":"Deflect","floor":7.0},{"not_picked":["Flying Knee","Acrobatics+1"],"picked":"Dash","floor":10.0},{"not_picked":["Blade Dance+1","Endless Agony"],"picked":"Footwork","floor":12.0},{"not_picked":["Endless Agony","Sucker Punch"],"picked":"Caltrops","floor":13.0},{"not_picked":["Flechettes","Eviscerate"],"picked":"Calculated Gamble+1","floor":14.0},{"not_picked":["Storm of Steel+1","Doppelganger+1"],"picked":"Adrenaline+1","floor":16.0},{"not_picked":["Riddle With Holes+1","Dagger Throw"],"picked":"Crippling Poison+1","floor":18.0},{"not_picked":["Outmaneuver+1","Dagger Throw"],"picked":"Well Laid Plans","floor":19.0},{"not_picked":["Underhanded Strike","Slice+1"],"picked":"Deadly Poison+1","floor":21.0},{"not_picked":["Leg Sweep+1","Heel Hook"],"picked":"Acrobatics+1","floor":24.0},{"not_picked":["Distraction+1","Unload+1"],"picked":"Tactician+1","floor":29.0},{"not_picked":["Expertise+1","Dash+1"],"picked":"Reflex+1","floor":30.0},{"not_picked":["Venomology+1","Unload+1"],"picked":"Corpse Explosion+1","floor":33.0},{"not_picked":["Skewer+1","Finisher+1","Deflect+1"],"picked":"SKIP","floor":35.0},{"not_picked":["Cloak And Dagger+1","Underhanded Strike+1"],"picked":"Blur+1","floor":38.0},{"not_picked":["Underhanded Strike+1","Concentrate+1","Tactician+1"],"picked":"SKIP","floor":39.0},{"not_picked":["Terror+1","Masterful Stab+1"],"picked":"Adrenaline+1","floor":40.0},{"not_picked":["Riddle With Holes+1","Distraction+1"],"picked":"Flechettes+1","floor":41.0},{"not_picked":["Flechettes+1","Distraction+1"],"picked":"Dodge and Roll+1","floor":42.0},{"not_picked":["Skewer+1","All Out Attack+1"],"picked":"Acrobatics+1","floor":44.0},{"not_picked":["Flying Knee+1","Dodge and Roll+1"],"picked":"Backflip+1","floor":46.0},{"not_picked":["Leg Sweep+1","Prepared+1"],"picked":"PiercingWail+1","floor":48.0},{"not_picked":["Eviscerate+1","Dagger Throw+1","Poisoned Stab+1"],"picked":"SKIP","floor":54.0}],"player_experience":5002416,"relics_obtained":[{"floor":7.0,"key":"Meat on the Bone"},{"floor":9.0,"key":"Toxic Egg 2"},{"floor":12.0,"key":"CeramicFish"},{"floor":14.0,"key":"White Beast Statue"},{"floor":26.0,"key":"Mercury Hourglass"},{"floor":29.0,"key":"Molten Egg 2"},{"floor":37.0,"key":"Gremlin Horn"},{"floor":40.0,"key":"Centennial Puzzle"},{"floor":40.0,"key":"Whetstone"},{"floor":42.0,"key":"Unceasing Top"},{"floor":42.0,"key":"Happy Flower"},{"floor":44.0,"key":"Shuriken"},{"floor":44.0,"key":"Regal Pillow"},{"floor":54.0,"key":"TungstenRod"},{"floor":54.0,"key":"Bronze Scales"}],"event_choices":[{"damage_healed":0.0,"max_hp_gain":0.0,"max_hp_loss":0.0,"gold_gain":75.0,"event_name":"World of Goop","player_choice":"Gather Gold","floor":4.0,"gold_loss":0.0,"damage_taken":11.0},{"cards_removed":["Strike_G"],"damage_healed":0.0,"max_hp_gain":0.0,"max_hp_loss":0.0,"gold_gain":0.0,"event_name":"Bonfire Elementals","player_choice":"Offered Basic","floor":20.0,"gold_loss":0.0,"damage_taken":0.0},{"cards_removed":["Strike_G"],"damage_healed":0.0,"max_hp_gain":0.0,"max_hp_loss":0.0,"gold_gain":0.0,"event_name":"Beggar","player_choice":"Gave Gold","floor":22.0,"gold_loss":75.0,"damage_taken":0.0},{"damage_healed":0.0,"max_hp_gain":0.0,"max_hp_loss":3.0,"gold_gain":0.0,"event_name":"Winding Halls","player_choice":"Max HP","floor":36.0,"gold_loss":0.0,"damage_taken":0.0},{"cards_removed":["Dash"],"damage_healed":0.0,"max_hp_gain":0.0,"max_hp_loss":0.0,"gold_gain":0.0,"event_name":"Falling","player_choice":"Removed Attack","floor":45.0,"gold_loss":0.0,"damage_taken":0.0}],"is_beta":false,"boss_relics":[{"not_picked":["Pandora\u0027s Box","HoveringKite"],"picked":"Philosopher\u0027s Stone"},{"not_picked":["Runic Dome","Fusion Hammer"],"picked":"Black Star"}],"items_purged_floors":[3,27,53],"is_endless":false,"potions_floor_spawned":[2,7,12,13,16,18,19,21,24,29,30,33,35,38,39,41,42,44,46,48,54],"ascension_level":15}