{"gold_per_floor":[109,109,128,128,148,186,186,111,188,213,237,237,275,289,289,378,378,397,397,158,173,173,213,213,82,82,82,82,62,100,115,115,206,206,220,244,21,46,66,102,102,141,141,141,156,29,43,0,0,0],"floor_reached":51,"playtime":3050,"items_purged":["Sucker Punch","Noxious Fumes+1"],"score":1303,"play_id":"3a09681a-88d1-44de-bb89-9017cc272ecf","local_time":"20220109182418","is_ascension_mode":true,"campfire_choices":[{"data":"Neutralize","floor":7.0,"key":"SMITH"},{"data":"Caltrops","floor":12.0,"key":"SMITH"},{"data":"Deadly Poison","floor":15.0,"key":"SMITH"},{"data":"Well Laid Plans","floor":24.0,"key":"SMITH"},{"data":"Burst","floor":28.0,"key":"SMITH"},{"data":"Blade Dance","floor":32.0,"key":"SMITH"},{"floor":41,"key":"REST"},{"data":"Accuracy","floor":49,"key":"SMITH"}],"neow_cost":"NONE","seed_source_timestamp":0,"circlet_count":0,"master_deck":["AscendersBane","Strike_G+1","Strike_G+1","Strike_G+1","Defend_G+1","Defend_G+1","Defend_G+1","Defend_G+1","Defend_G+1","Survivor","Neutralize+1","Dodge and Roll","Dagger Spray","Slice","Backstab","Caltrops+1","Blade Dance+1","Deadly Poison+1","Cloak And Dagger","Burst+1","Backflip","PiercingWail","Well Laid Plans+1","Escape Plan","Calculated Gamble","Corpse Explosion+1","Masterful Stab+1","Terror+1","Accuracy+1","Blade Dance","Backstab+1","Deflect+1","Deflect+1","Finisher+1"],"special_seed":0,"relics":["Ring of the Snake","Golden Idol","Nunchaku","InkBottle","Pen Nib","SacredBark","Membership Card","MutagenicStrength","Oddly Smooth Stone","Eternal Feather","The Courier","Omamori","WristBlade","Lizard Tail","TwistedFunnel","Prayer Wheel","War Paint","Molten Egg 2","Lantern","Red Mask"],"potions_floor_usage":[42,50,50],"damage_taken":[{"damage":0.0,"enemies":"Small Slimes","floor":1.0,"turns":3.0},{"damage":0.0,"enemies":"Jaw Worm","floor":3.0,"turns":4.0},{"damage":0.0,"enemies":"2 Louse","floor":5.0,"turns":3.0},{"damage":30.0,"enemies":"Gremlin Nob","floor":6.0,"turns":5.0},{"damage":0.0,"enemies":"Blue Slaver","floor":10.0,"turns":3.0},{"damage":1.0,"enemies":"2 Fungi Beasts","floor":11.0,"turns":3.0},{"damage":8.0,"enemies":"3 Sentries","floor":13.0,"turns":8.0},{"damage":1.0,"enemies":"Exordium Wildlife","floor":14.0,"turns":2.0},{"damage":9.0,"enemies":"Hexaghost","floor":16.0,"turns":7.0},{"damage":12.0,"enemies":"Shell Parasite","floor":18.0,"turns":7.0},{"damage":1.0,"enemies":"Chosen","floor":21.0,"turns":4.0},{"damage":0.0,"enemies":"Slavers","floor":23.0,"turns":3.0},{"damage":5.0,"enemies":"Gremlin Leader","floor":30.0,"turns":8.0},{"damage":0.0,"enemies":"Centurion and Healer","floor":31.0,"turns":9.0},{"damage":29.0,"enemies":"Collector","floor":33.0,"turns":13.0},{"damage":3.0,"enemies":"3 Darklings","floor":35.0,"turns":8.0},{"damage":0.0,"enemies":"Orb Walker","floor":36.0,"turns":1.0},{"damage":21.0,"enemies":"Writhing Mass","floor":38.0,"turns":6.0},{"damage":1,"enemies":"4 Shapes","floor":39,"turns":4},{"damage":17,"enemies":"Nemesis","floor":40,"turns":5},{"damage":49,"enemies":"Reptomancer","floor":42,"turns":5},{"damage":48,"enemies":"Transient","floor":45,"turns":5},{"damage":0,"enemies":"Spire Growth","floor":47,"turns":3},{"damage":18,"enemies":"Awakened One","floor":50,"turns":17}],"seed_played":"5726361627279792875","potions_obtained":[{"floor":1.0,"key":"SpeedPotion"},{"floor":6.0,"key":"Energy Potion"},{"floor":13.0,"key":"LiquidBronze"},{"floor":16.0,"key":"Swift Potion"},{"floor":21.0,"key":"ColorlessPotion"},{"floor":33.0,"key":"AttackPotion"},{"floor":35.0,"key":"Fruit Juice"},{"floor":36.0,"key":"Block Potion"},{"floor":38,"key":"DuplicationPotion"},{"floor":42,"key":"Weak Potion"}],"is_trial":false,"path_per_floor":["M","?","M","?","M","E","R","?","T","M","M","R","E","M","R","B",null,"M","?","$","M","?","E","R","$","T","?","R","$","E","M","R","B",null,"M","M","$","M","M","E","R","E","T","?","M","$","M","?","R","B",null],"character_chosen":"THE_SILENT","items_purchased":["Membership Card","PiercingWail","Well Laid Plans","Eternal Feather","Dexterity Potion","Accuracy","Lizard Tail","TwistedFunnel","DuplicationPotion","Lantern","Finisher+1"],"campfire_rested":1,"item_purchase_floors":[20,20,20,25,29,37,37,37,37,46,46],"current_hp_per_floor":[59,59,59,64,64,34,34,34,34,34,33,33,25,24,24,15,53,41,41,41,40,40,40,40,40,40,40,55,55,50,50,65,36,58,55,65,65,44,43,26,66,17,17,17,37,37,37,37,55,37],"gold":0,"neow_bonus":"THREE_CARDS","is_prod":false,"is_daily":false,"chose_seed":false,"campfire_upgraded":7,"win_rate":0,"timestamp":1641781458,"path_taken":["M","?","M","?","M","E","R","?","T","M","M","R","E","M","R","BOSS","M","?","$","M","?","E","R","?","T","?","R","$","E","M","R","BOSS","M","M","$","M","M","E","R","E","T","?","M","$","M","?","R","BOSS"],"build_version":"2020-12-22","purchased_purges":2,"victory":true,"max_hp_per_floor":[66,60,60,65,65,65,65,65,65,65,65,65,65,65,65,65,65,65,65,65,65,65,65,65,65,65,65,65,65,65,65,65,65,65,65,75,75,75,75,75,75,75,75,75,75,75,75,75,75,75],"card_choices":[{"not_picked":["Slice","Bane"],"picked":"Sucker Punch","floor":0.0},{"not_picked":["Terror","Acrobatics"],"picked":"Dodge and Roll","floor":1.0},{"not_picked":["Bane","Acrobatics"],"picked":"Dagger Spray","floor":3.0},{"not_picked":["Slice","Dodge and Roll","Underhanded Strike"],"picked":"SKIP","floor":5.0},{"not_picked":["Dodge and Roll","Underhanded Strike"],"picked":"Slice","floor":5.0},{"not_picked":["PiercingWail","Outmaneuver"],"picked":"Backstab","floor":6.0},{"not_picked":["Well Laid Plans","Underhanded Strike"],"picked":"Caltrops","floor":10.0},{"not_picked":["Slice","Venomology"],"picked":"Blade Dance","floor":11.0},{"not_picked":["Dagger Throw","Storm of Steel"],"picked":"Deadly Poison","floor":13.0},{"not_picked":["Caltrops","Concentrate"],"picked":"Cloak And Dagger","floor":14.0},{"not_picked":["Unload","Tools of the Trade"],"picked":"Burst","floor":16.0},{"not_picked":["Flying Knee","Deadly Poison"],"picked":"Backflip","floor":18.0},{"not_picked":["Quick Slash","Dagger Spray","Flying Knee"],"picked":"SKIP","floor":21.0},{"not_picked":["Dagger Throw","Calculated Gamble"],"picked":"Escape Plan","floor":23.0},{"not_picked":["Underhanded Strike","Dagger Spray"],"picked":"Calculated Gamble","floor":30.0},{"not_picked":["Backflip","Deadly Poison","All Out Attack"],"picked":"SKIP","floor":31.0},{"not_picked":["Storm of Steel","Night Terror"],"picked":"Corpse Explosion","floor":33.0},{"not_picked":["Dagger Throw","Expertise"],"picked":"Masterful Stab+1","floor":35.0},{"not_picked":["Underhanded Strike","Terror+1","Slice"],"picked":"SKIP","floor":36.0},{"not_picked":["Underhanded Strike","Slice"],"picked":"Terror+1","floor":36.0},{"not_picked":["Bouncing Flask","Endless Agony"],"picked":"Blade Dance","floor":38},{"not_picked":["Endless Agony","Tools of the Trade"],"picked":"Backstab+1","floor":39},{"not_picked":["Backstab","Bouncing Flask"],"picked":"Deflect","floor":40},{"not_picked":["Bane","Sucker Punch"],"picked":"Noxious Fumes+1","floor":42},{"not_picked":["Underhanded Strike+1","Setup+1"],"picked":"Deflect+1","floor":45},{"not_picked":["A Thousand Cuts","Skewer+1","Concentrate"],"picked":"SKIP","floor":45},{"not_picked":["Caltrops","Outmaneuver+1","Acrobatics"],"picked":"SKIP","floor":47},{"not_picked":["Caltrops+1","Dagger Spray+1","Quick Slash+1"],"picked":"SKIP","floor":47},{"not_picked":["Caltrops","Outmaneuver+1","Acrobatics"],"picked":"SKIP","floor":47},{"not_picked":["Caltrops+1","Dagger Spray+1","Quick Slash+1"],"picked":"SKIP","floor":47}],"player_experience":5030421,"relics_obtained":[{"floor":6.0,"key":"Nunchaku"},{"floor":9.0,"key":"InkBottle"},{"floor":13.0,"key":"Pen Nib"},{"floor":23.0,"key":"Oddly Smooth Stone"},{"floor":26.0,"key":"The Courier"},{"floor":30.0,"key":"Omamori"},{"floor":40,"key":"Prayer Wheel"},{"floor":42,"key":"War Paint"},{"floor":43,"key":"Molten Egg 2"}],"event_choices":[{"damage_healed":0.0,"max_hp_gain":0.0,"max_hp_loss":6.0,"gold_gain":0.0,"event_name":"Golden Idol","player_choice":"Lose Max HP","floor":2.0,"gold_loss":0.0,"damage_taken":0.0,"relics_obtained":["Golden Idol"]},{"damage_healed":0.0,"max_hp_gain":5.0,"max_hp_loss":0.0,"gold_gain":0.0,"event_name":"Big Fish","player_choice":"Donut","floor":4.0,"gold_loss":0.0,"damage_taken":0.0},{"cards_removed":["Strike_G"],"damage_healed":0.0,"max_hp_gain":0.0,"max_hp_loss":0.0,"gold_gain":0.0,"event_name":"The Cleric","player_choice":"Card Removal","floor":8.0,"gold_loss":75.0,"damage_taken":0.0},{"damage_healed":0.0,"max_hp_gain":0.0,"max_hp_loss":0.0,"gold_gain":0.0,"event_name":"Back to Basics","player_choice":"Simplicity","floor":19.0,"gold_loss":0.0,"damage_taken":0.0,"cards_upgraded":["Strike_G","Strike_G","Strike_G","Strike_G","Defend_G","Defend_G","Defend_G","Defend_G","Defend_G"]},{"damage_healed":0.0,"max_hp_gain":0.0,"max_hp_loss":0.0,"gold_gain":0.0,"event_name":"Drug Dealer","player_choice":"Inject Mutagens","floor":22.0,"gold_loss":0.0,"damage_taken":0.0,"relics_obtained":["MutagenicStrength"]},{"damage_healed":0.0,"max_hp_gain":0.0,"max_hp_loss":0.0,"gold_gain":0.0,"event_name":"The Mausoleum","player_choice":"Ignored","floor":27.0,"gold_loss":0.0,"damage_taken":0.0},{"cards_removed":["Strike_G"],"damage_healed":0,"gold_gain":0,"player_choice":"Removed Attack","damage_taken":0,"max_hp_gain":0,"max_hp_loss":0,"event_name":"Falling","floor":44,"gold_loss":0},{"damage_healed":0,"gold_gain":0,"player_choice":"Paid","damage_taken":0,"relics_obtained":["Red Mask"],"max_hp_gain":0,"max_hp_loss":0,"event_name":"Tomb of Lord Red Mask","floor":48,"gold_loss":43}],"is_beta":false,"boss_relics":[{"not_picked":["Velvet Choker","Empty Cage"],"picked":"SacredBark"},{"not_picked":["Tiny House","Busted Crown"],"picked":"WristBlade"}],"items_purged_floors":[20,46],"is_endless":false,"potions_floor_spawned":[1,6,13,16,21,30,33,35,36,38,42],"ascension_level":15}