{"gold_per_floor":[111,128,128,151,201,244,199],"floor_reached":7,"playtime":135,"items_purged":[],"score":89,"play_id":"5cda425c-9ed4-48ab-af4d-617557ab3035","local_time":"20220204171851","is_ascension_mode":true,"campfire_choices":[],"neow_cost":"NONE","seed_source_timestamp":0,"circlet_count":0,"master_deck":["AscendersBane","Strike_G","Strike_G","Strike_G","Strike_G","Strike_G","Defend_G","Defend_G","Defend_G","Defend_G","Defend_G","Survivor","Neutralize","Noxious Fumes","Dodge and Roll","Dagger Spray","Predator"],"special_seed":0,"relics":["Ring of the Snake","NeowsBlessing","Golden Idol","MealTicket"],"potions_floor_usage":[6],"damage_taken":[{"damage":0.0,"enemies":"2 Louse","floor":1.0,"turns":1.0},{"damage":0,"enemies":"Jaw Worm","floor":2,"turns":1},{"damage":0,"enemies":"Cultist","floor":4,"turns":1},{"damage":47,"enemies":"Gremlin Nob","floor":6,"turns":5},{"damage":14,"enemies":"Looter","floor":7,"turns":3}],"seed_played":"-6651641848432440963","potions_obtained":[{"floor":1,"key":"Strength Potion"},{"floor":4,"key":"Dexterity Potion"}],"is_trial":false,"path_per_floor":["M","M","?","M","?","E","M"],"character_chosen":"THE_SILENT","items_purchased":[],"campfire_rested":0,"item_purchase_floors":[],"current_hp_per_floor":[59,59,59,59,59,12,0],"gold":199,"neow_bonus":"THREE_ENEMY_KILL","is_prod":false,"is_daily":false,"chose_seed":false,"campfire_upgraded":0,"win_rate":0,"timestamp":1644023931,"path_taken":["M","M","?","M","?","E","?"],"build_version":"2020-12-22","purchased_purges":0,"victory":false,"max_hp_per_floor":[66,66,60,60,60,60,60],"relic_stats":{"counters":[4,10],"Golden Idol":14,"MealTicket":0,"obtain_stats":[{"NeowsBlessing":0,"Golden Idol":3,"MealTicket":6,"Ring of the Snake":0},{"NeowsBlessing":0,"Golden Idol":1,"MealTicket":3,"Ring of the Snake":0},{"NeowsBlessing":0,"Golden Idol":1,"MealTicket":7,"Ring of the Snake":0}],"Ring of the Snake":[8]},"card_choices":[{"not_picked":["Poisoned Stab","Eviscerate"],"picked":"Noxious Fumes","floor":1},{"not_picked":["Outmaneuver","Backflip"],"picked":"Dodge and Roll","floor":2},{"not_picked":["Backflip","Night Terror"],"picked":"Dagger Spray","floor":4},{"not_picked":["Flechettes","Bane"],"picked":"Predator","floor":6}],"player_experience":5041994,"relics_obtained":[{"floor":6,"key":"MealTicket"}],"event_choices":[{"damage_healed":0,"gold_gain":0,"player_choice":"Lose Max HP","damage_taken":0,"relics_obtained":["Golden Idol"],"max_hp_gain":0,"max_hp_loss":6,"event_name":"Golden Idol","floor":3,"gold_loss":0},{"damage_healed":0,"gold_gain":50,"player_choice":"Pray","damage_taken":0,"max_hp_gain":0,"max_hp_loss":0,"event_name":"Golden Shrine","floor":5,"gold_loss":0}],"is_beta":false,"boss_relics":[],"items_purged_floors":[],"is_endless":false,"potions_floor_spawned":[1,4],"killed_by":"Looter","ascension_level":15}