{"gold_per_floor":[118,130,130,148,174,215,242,242,242,242,257,293,293,336,336,435,435,435,350,350,350,275,275,275,275,275,275,275,275,275,275,275,275,275,275,275,275,275,275,275,275,275,275,275,275,175,175,14,14,14],"floor_reached":51,"playtime":1359,"items_purged":["Strike_G","Strike_G","Strike_G"],"score":1373,"play_id":"72489361-7983-4351-ae8d-1a15efdf9005","local_time":"20220204174315","is_ascension_mode":true,"campfire_choices":[{"data":"After Image","floor":8.0,"key":"SMITH"},{"data":"Neutralize","floor":10.0,"key":"SMITH"},{"data":"Blade Dance","floor":13.0,"key":"SMITH"},{"data":"Bouncing Flask","floor":15.0,"key":"SMITH"},{"data":"Accuracy","floor":23.0,"key":"SMITH"},{"floor":28.0,"key":"REST"},{"data":"Blade Dance","floor":30.0,"key":"SMITH"},{"floor":32.0,"key":"REST"},{"data":"A Thousand Cuts","floor":40,"key":"SMITH"},{"data":"Well Laid Plans","floor":42,"key":"SMITH"},{"data":"Accuracy","floor":44,"key":"SMITH"},{"floor":49,"key":"REST"}],"neow_cost":"NONE","seed_source_timestamp":0,"circlet_count":0,"master_deck":["AscendersBane","Strike_G","Strike_G","Defend_G","Defend_G","Defend_G","Defend_G","Defend_G","Survivor","Neutralize+1","Dagger Throw","Bouncing Flask+1","Flying Knee","After Image+1","Poisoned Stab","Blade Dance+1","Corpse Explosion","Accuracy+1","Blade Dance+1","Backflip","Accuracy+1","Burst","Deflect+1","A Thousand Cuts+1","Quick Slash+1","Prepared+1","Well Laid Plans+1","Dodge and Roll","Footwork"],"special_seed":0,"relics":["Ring of the Snake","NeowsBlessing","Golden Idol","Ice Cream","Bag of Preparation","StrikeDummy","Art of War","Pen Nib","Ectoplasm","Oddly Smooth Stone","Potion Belt","Mercury Hourglass","Bottled Flame","Cursed Key","Mummified Hand"],"potions_floor_usage":[47,50],"damage_taken":[{"damage":0.0,"enemies":"2 Louse","floor":1.0,"turns":1.0},{"damage":0.0,"enemies":"Jaw Worm","floor":2.0,"turns":1.0},{"damage":0.0,"enemies":"Small Slimes","floor":4.0,"turns":1.0},{"damage":24.0,"enemies":"Gremlin Nob","floor":6.0,"turns":4.0},{"damage":5.0,"enemies":"2 Fungi Beasts","floor":11.0,"turns":4.0},{"damage":11.0,"enemies":"Lagavulin","floor":12.0,"turns":5.0},{"damage":3.0,"enemies":"Gremlin Nob","floor":14.0,"turns":4.0},{"damage":1.0,"enemies":"Hexaghost","floor":16.0,"turns":8.0},{"damage":0.0,"enemies":"3 Byrds","floor":18.0,"turns":2.0},{"damage":2.0,"enemies":"Shell Parasite","floor":21.0,"turns":4.0},{"damage":16.0,"enemies":"Snake Plant","floor":24.0,"turns":4.0},{"damage":13.0,"enemies":"Gremlin Leader","floor":25.0,"turns":6.0},{"damage":11.0,"enemies":"Slavers","floor":27.0,"turns":3.0},{"damage":9.0,"enemies":"Shelled Parasite and Fungi","floor":31.0,"turns":3.0},{"damage":25.0,"enemies":"Collector","floor":33.0,"turns":7.0},{"damage":6.0,"enemies":"Orb Walker","floor":35.0,"turns":4.0},{"damage":5,"enemies":"3 Shapes","floor":38,"turns":2},{"damage":0,"enemies":"Maw","floor":39,"turns":6},{"damage":10,"enemies":"Reptomancer","floor":41,"turns":5},{"damage":0,"enemies":"Sphere and 2 Shapes","floor":45,"turns":1},{"damage":0,"enemies":"Jaw Worm Horde","floor":47,"turns":2},{"damage":0,"enemies":"Donu and Deca","floor":50,"turns":5}],"seed_played":"-3906786700265322719","potions_obtained":[{"floor":6.0,"key":"Explosive Potion"},{"floor":11.0,"key":"SkillPotion"},{"floor":14.0,"key":"DuplicationPotion"},{"floor":24.0,"key":"Fruit Juice"},{"floor":33.0,"key":"AttackPotion"},{"floor":35.0,"key":"GamblersBrew"},{"floor":47,"key":"DuplicationPotion"}],"is_trial":false,"path_per_floor":["M","M","?","M","T","E","T","R","T","R","M","E","R","E","R","B",null,"M","?","?","M","$","R","M","E","T","E","R","?","R","M","R","B",null,"M","?","?","M","M","R","E","R","T","R","M","$","M","$","R","B",null],"character_chosen":"THE_SILENT","items_purchased":["Footwork"],"campfire_rested":3,"item_purchase_floors":[48],"current_hp_per_floor":[59,59,59,59,59,35,35,35,35,35,30,19,19,16,16,15,49,49,49,49,47,47,47,31,23,23,12,31,31,31,22,41,16,53,47,47,47,42,42,42,32,32,32,32,32,32,32,32,51,51],"gold":14,"neow_bonus":"THREE_ENEMY_KILL","is_prod":false,"is_daily":false,"chose_seed":false,"campfire_upgraded":9,"win_rate":0,"timestamp":1644025395,"path_taken":["M","M","?","M","?","E","?","R","T","R","M","E","R","E","R","BOSS","M","?","?","M","$","R","M","E","T","E","R","?","R","M","R","BOSS","M","?","?","M","M","R","E","R","T","R","M","$","M","$","R","BOSS"],"build_version":"2020-12-22","purchased_purges":3,"victory":true,"max_hp_per_floor":[66,66,60,60,60,60,60,60,60,60,60,60,60,60,60,60,60,60,60,60,60,60,60,60,65,65,65,65,65,65,65,65,65,65,65,65,65,65,65,65,65,65,65,65,65,65,65,65,65,65],"relic_stats":{"Ice Cream":[55],"counters":[22,82],"Golden Idol":143,"Pen Nib":[20],"Bag of Preparation":[36],"Cursed Key":0,"Mercury Hourglass":[147],"Bottled Flame":"Neutralize","Mummified Hand":[14],"Ectoplasm":361,"Art of War":[4],"obtain_stats":[{"Ice Cream":6,"Potion Belt":25,"NeowsBlessing":0,"Golden Idol":3,"Oddly Smooth Stone":19,"Pen Nib":14,"Bag of Preparation":7,"Cursed Key":34,"Mercury Hourglass":26,"Bottled Flame":27,"Mummified Hand":41,"Ectoplasm":17,"Art of War":12,"StrikeDummy":9,"Ring of the Snake":0},{"Ice Cream":4,"Potion Belt":12,"NeowsBlessing":0,"Golden Idol":2,"Oddly Smooth Stone":9,"Pen Nib":7,"Bag of Preparation":4,"Cursed Key":15,"Mercury Hourglass":12,"Bottled Flame":13,"Mummified Hand":19,"Ectoplasm":8,"Art of War":6,"StrikeDummy":4,"Ring of the Snake":0},{"Ice Cream":7,"Potion Belt":44,"NeowsBlessing":0,"Golden Idol":2,"Oddly Smooth Stone":30,"Pen Nib":20,"Bag of Preparation":7,"Cursed Key":57,"Mercury Hourglass":44,"Bottled Flame":47,"Mummified Hand":74,"Ectoplasm":28,"Art of War":16,"StrikeDummy":7,"Ring of the Snake":0}],"Ring of the Snake":[44]},"card_choices":[{"not_picked":["Deflect","Eviscerate"],"picked":"Dagger Throw","floor":1.0},{"not_picked":["Backflip","Slice"],"picked":"Bouncing Flask","floor":2.0},{"not_picked":["Deflect","Deadly Poison"],"picked":"Flying Knee","floor":4.0},{"not_picked":["All Out Attack","Outmaneuver"],"picked":"After Image","floor":6.0},{"not_picked":["Dagger Spray","Acrobatics"],"picked":"Poisoned Stab","floor":11.0},{"not_picked":["Bane","Choke"],"picked":"Blade Dance","floor":12.0},{"not_picked":["Acrobatics","Dagger Spray","Finisher"],"picked":"SKIP","floor":14.0},{"not_picked":["Venomology","Doppelganger"],"picked":"Corpse Explosion","floor":16.0},{"not_picked":["Poisoned Stab","PiercingWail"],"picked":"Accuracy","floor":18.0},{"not_picked":["Outmaneuver","Tactician"],"picked":"Backflip","floor":21.0},{"not_picked":["Bouncing Flask","Sucker Punch","Flying Knee"],"picked":"SKIP","floor":24.0},{"not_picked":["Backstab","Distraction"],"picked":"Accuracy","floor":25.0},{"not_picked":["Endless Agony","Poisoned Stab"],"picked":"Burst","floor":27.0},{"not_picked":["Dodge and Roll","Skewer"],"picked":"Deflect+1","floor":31.0},{"not_picked":["Die Die Die","Unload"],"picked":"A Thousand Cuts","floor":33.0},{"not_picked":["Backstab+1","Cloak And Dagger"],"picked":"Quick Slash+1","floor":35.0},{"not_picked":["Finisher","PiercingWail+1"],"picked":"Prepared+1","floor":38},{"not_picked":["Predator","Blade Dance"],"picked":"Well Laid Plans","floor":39},{"not_picked":["Prepared","Acrobatics"],"picked":"Dodge and Roll","floor":41},{"not_picked":["Underhanded Strike","Deflect","Masterful Stab"],"picked":"SKIP","floor":45},{"not_picked":["Prepared","Flechettes","Dagger Spray"],"picked":"SKIP","floor":47}],"player_experience":5042129,"relics_obtained":[{"floor":6.0,"key":"Ice Cream"},{"floor":7.0,"key":"Bag of Preparation"},{"floor":9.0,"key":"StrikeDummy"},{"floor":12.0,"key":"Art of War"},{"floor":14.0,"key":"Pen Nib"},{"floor":25.0,"key":"Potion Belt"},{"floor":26.0,"key":"Mercury Hourglass"},{"floor":27.0,"key":"Bottled Flame"},{"floor":41,"key":"Mummified Hand"}],"event_choices":[{"damage_healed":0.0,"max_hp_gain":0.0,"max_hp_loss":6.0,"gold_gain":0.0,"event_name":"Golden Idol","player_choice":"Lose Max HP","floor":3.0,"gold_loss":0.0,"damage_taken":0.0,"relics_obtained":["Golden Idol"]},{"damage_healed":0.0,"max_hp_gain":0.0,"max_hp_loss":0.0,"gold_gain":0.0,"event_name":"Addict","player_choice":"Obtained Relic","floor":19.0,"gold_loss":85.0,"damage_taken":0.0,"relics_obtained":["Oddly Smooth Stone"]},{"damage_healed":0.0,"max_hp_gain":0.0,"max_hp_loss":0.0,"gold_gain":0.0,"event_name":"The Library","player_choice":"Read","floor":20.0,"gold_loss":0.0,"damage_taken":0.0,"cards_obtained":["Blade Dance"]},{"damage_healed":0.0,"max_hp_gain":0.0,"max_hp_loss":0.0,"gold_gain":0.0,"event_name":"Ghosts","player_choice":"Ignored","floor":29.0,"gold_loss":0.0,"damage_taken":0.0},{"damage_healed":0.0,"max_hp_gain":0.0,"max_hp_loss":0.0,"gold_gain":0.0,"event_name":"Mysterious Sphere","player_choice":"Ignored","floor":36.0,"gold_loss":0.0,"damage_taken":0.0},{"damage_healed":0.0,"max_hp_gain":0.0,"max_hp_loss":0.0,"gold_gain":0.0,"event_name":"Tomb of Lord Red Mask","player_choice":"Ignored","floor":37.0,"gold_loss":0.0,"damage_taken":0.0}],"is_beta":false,"boss_relics":[{"not_picked":["Busted Crown","Calling Bell"],"picked":"Ectoplasm"},{"not_picked":["Runic Dome","SlaversCollar"],"picked":"Cursed Key"}],"items_purged_floors":[22,46,48],"is_endless":false,"potions_floor_spawned":[6,11,14,24,33,35,47],"ascension_level":15}