{"gold_per_floor":[365,365,155,165,180,180,213,213,236,269,282,294,294,338,338,433,433,449,283,283,283,245,583,601,642,691,710,728,728,247,266,266,266],"floor_reached":33,"playtime":1447,"items_purged":["Strike_G","Strike_G"],"score":559,"play_id":"6ffb781f-bcd7-4224-9b7e-f7c73992f5d2","local_time":"20220226213505","is_ascension_mode":true,"campfire_choices":[{"data":"Blade Dance","floor":6,"key":"SMITH"},{"data":"Neutralize","floor":8,"key":"SMITH"},{"data":"Dagger Spray","floor":15,"key":"SMITH"},{"floor":29,"key":"REST"},{"data":"Footwork","floor":32,"key":"SMITH"}],"neow_cost":"CURSE","seed_source_timestamp":65484886913300,"circlet_count":0,"master_deck":["AscendersBane","Strike_G+1","Strike_G","Strike_G+1","Defend_G","Defend_G","Defend_G","Defend_G","Defend_G","Survivor","Neutralize+1","PiercingWail","Footwork+1","Dash","Blade Dance+1","Dagger Spray+1","Infinite Blades","Dagger Throw","Deflect","Glass Knife","Dodge and Roll","Calculated Gamble","Blade Dance","Tactician","Acrobatics","Leg Sweep","Dodge and Roll","Blur","Deflect"],"relics":["Ring of the Snake","Oddly Smooth Stone","Vajra","Dream Catcher","Golden Idol","HornCleat","Runic Pyramid","Old Coin","Frozen Egg 2","Whetstone","Ornamental Fan"],"potions_floor_usage":[7,16,16,18,23,25,31,33,33],"damage_taken":[{"damage":6,"enemies":"Small Slimes","floor":1,"turns":4},{"damage":0,"enemies":"2 Louse","floor":4,"turns":4},{"damage":0,"enemies":"Cultist","floor":5,"turns":4},{"damage":6,"enemies":"Gremlin Nob","floor":7,"turns":4},{"damage":2,"enemies":"Lagavulin","floor":10,"turns":7},{"damage":0,"enemies":"Exordium Wildlife","floor":11,"turns":3},{"damage":0,"enemies":"Looter","floor":12,"turns":3},{"damage":16,"enemies":"3 Sentries","floor":14,"turns":6},{"damage":12,"enemies":"Slime Boss","floor":16,"turns":7},{"damage":0,"enemies":"Spheric Guardian","floor":18,"turns":3},{"damage":8,"enemies":"Slavers","floor":23,"turns":5},{"damage":5,"enemies":"2 Thieves","floor":24,"turns":4},{"damage":16,"enemies":"Book of Stabbing","floor":25,"turns":7},{"damage":0,"enemies":"Centurion and Healer","floor":27,"turns":7},{"damage":0,"enemies":"Chosen and Byrds","floor":28,"turns":4},{"damage":0,"enemies":"Sentry and Sphere","floor":31,"turns":7},{"damage":37,"enemies":"Collector","floor":33,"turns":8}],"seed_played":"-1906603391857379038","potions_obtained":[{"floor":4,"key":"LiquidMemories"},{"floor":5,"key":"Fire Potion"},{"floor":10,"key":"LiquidMemories"},{"floor":16,"key":"Fire Potion"},{"floor":18,"key":"SkillPotion"},{"floor":31,"key":"Poison Potion"}],"is_trial":false,"path_per_floor":["M","?","$","M","M","R","E","R","T","E","M","M","?","E","R","B",null,"M","$","?","?","$","E","M","E","T","M","M","R","$","M","R","B"],"character_chosen":"THE_SILENT","items_purchased":["Footwork","Dash","SteroidPotion","SteroidPotion","Calculated Gamble","Tactician","Ornamental Fan","Blur","Block Potion","Strength Potion"],"campfire_rested":1,"item_purchase_floors":[3,3,3,19,19,22,30,30,30,30],"current_hp_per_floor":[53,46,46,46,46,46,40,40,40,38,38,38,38,22,22,10,48,48,48,48,48,48,40,35,19,19,19,19,37,37,37,37,0],"gold":266,"neow_bonus":"TWO_FIFTY_GOLD","is_prod":false,"is_daily":false,"chose_seed":false,"campfire_upgraded":4,"win_rate":0,"timestamp":1645940105,"path_taken":["M","?","$","M","M","R","E","R","T","E","M","M","?","E","R","BOSS","M","$","?","?","$","E","M","E","T","M","M","R","$","M","R","BOSS"],"build_version":"2020-12-22","purchased_purges":2,"victory":false,"max_hp_per_floor":[66,66,66,66,66,66,66,66,66,66,66,66,60,60,60,60,60,60,60,60,60,60,60,60,60,60,60,60,60,60,60,60,60],"card_choices":[{"not_picked":["Acrobatics","Terror"],"picked":"PiercingWail","floor":1},{"not_picked":["Sucker Punch","Dagger Throw"],"picked":"Blade Dance","floor":4},{"not_picked":["Prepared","Blur"],"picked":"Dagger Spray","floor":5},{"not_picked":["Acrobatics","Night Terror"],"picked":"Infinite Blades","floor":7},{"not_picked":["Expertise","Sucker Punch","Underhanded Strike"],"picked":"SKIP","floor":10},{"not_picked":["PiercingWail","Outmaneuver"],"picked":"Dagger Throw","floor":11},{"not_picked":["Slice","Bane","Acrobatics"],"picked":"SKIP","floor":12},{"not_picked":["Phantasmal Killer","Underhanded Strike"],"picked":"Deflect","floor":14},{"not_picked":["Doppelganger","Bullet Time"],"picked":"Glass Knife","floor":16},{"not_picked":["Bane","Quick Slash"],"picked":"Dodge and Roll","floor":18},{"not_picked":["PiercingWail","Distraction"],"picked":"Acrobatics","floor":23},{"not_picked":["Doppelganger","Cloak And Dagger","Reflex"],"picked":"SKIP","floor":24},{"not_picked":["Prepared","Poisoned Stab"],"picked":"Leg Sweep","floor":25},{"not_picked":["Bouncing Flask","Dagger Throw"],"picked":"Dodge and Roll","floor":27},{"not_picked":["Sucker Punch","Quick Slash","Blade Dance"],"picked":"SKIP","floor":28},{"not_picked":["Acrobatics","Sucker Punch"],"picked":"Deflect","floor":31}],"player_experience":5060142,"relics_obtained":[{"floor":7,"key":"Oddly Smooth Stone"},{"floor":9,"key":"Vajra"},{"floor":10,"key":"Dream Catcher"},{"floor":14,"key":"HornCleat"},{"floor":23,"key":"Old Coin"},{"floor":25,"key":"Frozen Egg 2"},{"floor":26,"key":"Whetstone"}],"event_choices":[{"cards_removed":["Clumsy"],"damage_healed":0,"gold_gain":0,"player_choice":"Card Removal","damage_taken":7,"max_hp_gain":0,"max_hp_loss":0,"event_name":"Golden Wing","floor":2,"gold_loss":0},{"damage_healed":0,"gold_gain":0,"player_choice":"Lose Max HP","damage_taken":0,"relics_obtained":["Golden Idol"],"max_hp_gain":0,"max_hp_loss":6,"event_name":"Golden Idol","floor":13,"gold_loss":0},{"damage_healed":0,"gold_gain":0,"player_choice":"Ignored","damage_taken":0,"max_hp_gain":0,"max_hp_loss":0,"event_name":"Vampires","floor":20,"gold_loss":0},{"damage_healed":0,"gold_gain":0,"player_choice":"Read","damage_taken":0,"max_hp_gain":0,"max_hp_loss":0,"event_name":"The Library","floor":21,"gold_loss":0,"cards_obtained":["Blade Dance"]}],"is_beta":false,"boss_relics":[{"not_picked":["Busted Crown","Empty Cage"],"picked":"Runic Pyramid"}],"items_purged_floors":[19,30],"is_endless":false,"potions_floor_spawned":[4,5,10,16,18,31],"killed_by":"Collector","ascension_level":15}