{"gold_per_floor":[361,377,253,253,263,263,282,282,282,317,317,342,342,375,375,451,451,421,421,421,16,31,31,66,78,78,78,94,94,94,120,120,197,197,207,207,207,224,243,243,277,291,291,313,348,0,21,59,59,59],"floor_reached":51,"playtime":2535,"items_purged":["Strike_G","Strike_G"],"score":1438,"play_id":"fe49ee89-8702-4760-bc63-b5556b832ca1","local_time":"20220304232306","is_ascension_mode":true,"campfire_choices":[{"data":"Neutralize","floor":6.0,"key":"SMITH"},{"data":"Blade Dance","floor":8.0,"key":"SMITH"},{"floor":13.0,"key":"REST"},{"data":"Accuracy","floor":15.0,"key":"SMITH"},{"data":"Prepared","floor":23.0,"key":"SMITH"},{"floor":27.0,"key":"REST"},{"data":"Blade Dance","floor":32.0,"key":"SMITH"},{"data":"Calculated Gamble","floor":40.0,"key":"SMITH"},{"floor":49,"key":"REST"}],"neow_cost":"PERCENT_DAMAGE","seed_source_timestamp":55006699401700,"circlet_count":0,"master_deck":["AscendersBane","Strike_G","Strike_G","Defend_G","Defend_G","Defend_G","Defend_G","Defend_G","Survivor","Neutralize+1","Accuracy+1","Poisoned Stab","Poisoned Stab","Blade Dance+1","Dagger Spray+1","PiercingWail","Blur+1","Malaise","Cloak And Dagger+1","Blade Dance+1","Prepared+1","Cloak And Dagger","Calculated Gamble+1","Accuracy","Acrobatics+1","Infinite Blades","Prepared","Backflip","Backflip+1","Tactician","Cloak And Dagger+1","Dodge and Roll"],"special_seed":0,"relics":["Ring of the Snake","Kunai","Happy Flower","Singing Bowl","Turnip","StoneCalendar","HoveringKite","MutagenicStrength","War Paint","Blood Vial","Calipers","The Specimen","SlaversCollar","CeramicFish","Pantograph","StrikeDummy","Red Mask","Ninja Scroll"],"potions_floor_usage":[44,47,50,50],"damage_taken":[{"damage":0.0,"enemies":"2 Louse","floor":1.0,"turns":3.0},{"damage":3.0,"enemies":"Small Slimes","floor":2.0,"turns":6.0},{"damage":6.0,"enemies":"Jaw Worm","floor":5.0,"turns":8.0},{"damage":2.0,"enemies":"Looter","floor":7.0,"turns":3.0},{"damage":14.0,"enemies":"3 Sentries","floor":10.0,"turns":6.0},{"damage":8.0,"enemies":"Gremlin Nob","floor":12.0,"turns":4.0},{"damage":1.0,"enemies":"Lagavulin","floor":14.0,"turns":6.0},{"damage":4.0,"enemies":"The Guardian","floor":16.0,"turns":9.0},{"damage":23.0,"enemies":"2 Thieves","floor":18.0,"turns":5.0},{"damage":0.0,"enemies":"Chosen","floor":22.0,"turns":3.0},{"damage":0.0,"enemies":"Gremlin Leader","floor":24.0,"turns":6.0},{"damage":5.0,"enemies":"Snecko","floor":25.0,"turns":4.0},{"damage":2.0,"enemies":"Chosen and Byrds","floor":28.0,"turns":4.0},{"damage":10.0,"enemies":"Book of Stabbing","floor":31.0,"turns":5.0},{"damage":7.0,"enemies":"Automaton","floor":33.0,"turns":7.0},{"damage":1.0,"enemies":"3 Shapes","floor":35.0,"turns":2.0},{"damage":1.0,"enemies":"Orb Walker","floor":38.0,"turns":2.0},{"damage":22.0,"enemies":"Sphere and 2 Shapes","floor":39.0,"turns":5.0},{"damage":4.0,"enemies":"Reptomancer","floor":41.0,"turns":5.0},{"damage":14.0,"enemies":"Spire Growth","floor":42.0,"turns":7.0},{"damage":24,"enemies":"Jaw Worm Horde","floor":44,"turns":4},{"damage":5,"enemies":"Giant Head","floor":45,"turns":7},{"damage":3,"enemies":"Sphere and 2 Shapes","floor":47,"turns":4},{"damage":0,"enemies":"Reptomancer","floor":48,"turns":6},{"damage":1,"enemies":"Time Eater","floor":50,"turns":15}],"seed_played":"3131503647740400903","potions_obtained":[{"floor":1.0,"key":"Swift Potion"},{"floor":14.0,"key":"Dexterity Potion"},{"floor":22.0,"key":"SteroidPotion"},{"floor":25.0,"key":"Fire Potion"},{"floor":38.0,"key":"Strength Potion"},{"floor":42.0,"key":"FearPotion"},{"floor":45,"key":"Block Potion"},{"floor":47,"key":"PowerPotion"}],"is_trial":false,"path_per_floor":["M","M","$","?","M","R","M","R","T","E","?","E","R","E","R","B",null,"M","?","?","$","M","R","E","M","T","R","M","$","?","E","R","B",null,"M","?","?","M","M","R","E","M","T","M","E","?","M","E","R","B",null],"character_chosen":"THE_SILENT","items_purchased":["Poison Potion","Prepared","Cloak And Dagger","War Paint","Fire Potion"],"campfire_rested":3,"item_purchase_floors":[3,21,21,21,21],"current_hp_per_floor":[44,41,41,36,30,30,28,28,28,14,14,6,25,24,24,20,55,32,32,32,32,34,34,34,31,31,51,51,51,51,43,43,40,63,66,66,66,67,46,46,44,34,34,12,11,11,10,12,33,59],"gold":59,"neow_bonus":"TWO_FIFTY_GOLD","is_prod":false,"is_daily":false,"chose_seed":false,"campfire_upgraded":6,"win_rate":0,"timestamp":1646464986,"path_taken":["M","M","$","?","M","R","M","R","T","E","?","E","R","E","R","BOSS","M","?","?","$","M","R","E","M","T","R","M","$","?","E","R","BOSS","M","?","?","M","M","R","E","M","T","M","E","?","M","E","R","BOSS"],"build_version":"2022-02-27","purchased_purges":2,"victory":true,"max_hp_per_floor":[66,66,66,66,66,66,66,66,66,66,66,66,66,66,66,66,66,66,66,66,66,68,68,68,68,68,68,68,68,68,68,68,70,70,72,72,68,68,68,68,68,70,70,70,72,72,72,72,72,72],"card_choices":[{"not_picked":["Poisoned Stab","Prepared"],"picked":"Accuracy","floor":1.0},{"not_picked":["Masterful Stab","Escape Plan"],"picked":"Poisoned Stab","floor":2.0},{"not_picked":["Heel Hook","Dagger Throw"],"picked":"Poisoned Stab","floor":5.0},{"not_picked":["Wraith Form v2","Slice"],"picked":"Blade Dance","floor":7.0},{"not_picked":["Flechettes","Prepared"],"picked":"Dagger Spray","floor":10.0},{"not_picked":["Terror","Concentrate"],"picked":"PiercingWail","floor":12.0},{"not_picked":["Distraction","Doppelganger"],"picked":"Blur","floor":14.0},{"not_picked":["Night Terror","Unload"],"picked":"Malaise","floor":16.0},{"not_picked":["Outmaneuver","Acrobatics"],"picked":"Cloak And Dagger","floor":18.0},{"not_picked":["Outmaneuver+1","Flechettes","Dash"],"picked":"Singing Bowl","floor":22.0},{"not_picked":["Riddle With Holes","Slice"],"picked":"Calculated Gamble","floor":24.0},{"not_picked":["Deadly Poison","Acrobatics"],"picked":"Accuracy","floor":25.0},{"not_picked":["Deadly Poison+1","Dagger Throw"],"picked":"Acrobatics+1","floor":28.0},{"not_picked":["Poisoned Stab","Finisher+1"],"picked":"Infinite Blades","floor":31.0},{"not_picked":["Storm of Steel","Phantasmal Killer","Grand Finale"],"picked":"Singing Bowl","floor":33.0},{"not_picked":["Dash","Quick Slash+1","Finisher"],"picked":"Singing Bowl","floor":35.0},{"not_picked":["Flechettes","Terror+1"],"picked":"Prepared","floor":38.0},{"not_picked":["Masterful Stab","Underhanded Strike"],"picked":"Backflip","floor":39.0},{"not_picked":["Tactician","Quick Slash+1"],"picked":"Backflip+1","floor":41.0},{"not_picked":["Deflect","Crippling Poison","Eviscerate"],"picked":"Singing Bowl","floor":42.0},{"not_picked":["Poisoned Stab","Dagger Throw"],"picked":"Tactician","floor":44},{"not_picked":["Caltrops","Endless Agony","Outmaneuver+1"],"picked":"Singing Bowl","floor":45},{"not_picked":["Calculated Gamble","Noxious Fumes"],"picked":"Cloak And Dagger+1","floor":47},{"not_picked":["Blade Dance+1","Blur+1"],"picked":"Dodge and Roll","floor":48}],"player_experience":5064824,"relics_obtained":[{"floor":9.0,"key":"Happy Flower"},{"floor":10.0,"key":"Singing Bowl"},{"floor":12.0,"key":"Turnip"},{"floor":14.0,"key":"StoneCalendar"},{"floor":24.0,"key":"Blood Vial"},{"floor":26.0,"key":"Calipers"},{"floor":31.0,"key":"The Specimen"},{"floor":41.0,"key":"CeramicFish"},{"floor":43.0,"key":"Pantograph"},{"floor":45,"key":"StrikeDummy"},{"floor":48,"key":"Ninja Scroll"}],"event_choices":[{"damage_healed":0.0,"max_hp_gain":0.0,"max_hp_loss":0.0,"gold_gain":0.0,"event_name":"Scrap Ooze","player_choice":"Success","floor":4.0,"gold_loss":0.0,"damage_taken":5.0,"relics_obtained":["Kunai"]},{"damage_healed":0.0,"max_hp_gain":0.0,"max_hp_loss":0.0,"gold_gain":0.0,"event_name":"Living Wall","player_choice":"Grow","floor":11.0,"gold_loss":0.0,"damage_taken":0.0,"cards_upgraded":["Dagger Spray"]},{"damage_healed":0.0,"max_hp_gain":0.0,"max_hp_loss":0.0,"gold_gain":0.0,"event_name":"The Library","player_choice":"Read","floor":19.0,"gold_loss":0.0,"damage_taken":0.0,"cards_obtained":["Blade Dance"]},{"damage_healed":0.0,"max_hp_gain":0.0,"max_hp_loss":0.0,"gold_gain":0.0,"event_name":"Drug Dealer","player_choice":"Inject Mutagens","floor":20.0,"gold_loss":0.0,"damage_taken":0.0,"relics_obtained":["MutagenicStrength"]},{"damage_healed":0.0,"max_hp_gain":0.0,"max_hp_loss":0.0,"gold_gain":0.0,"event_name":"Vampires","player_choice":"Ignored","floor":30.0,"gold_loss":0.0,"damage_taken":0.0},{"cards_removed":["Strike_G"],"damage_healed":0.0,"max_hp_gain":0.0,"max_hp_loss":0.0,"gold_gain":0.0,"event_name":"Falling","player_choice":"Removed Attack","floor":36.0,"gold_loss":0.0,"damage_taken":0.0},{"damage_healed":0.0,"max_hp_gain":0.0,"max_hp_loss":4.0,"gold_gain":0.0,"event_name":"Winding Halls","player_choice":"Max HP","floor":37.0,"gold_loss":0.0,"damage_taken":0.0},{"damage_healed":0,"gold_gain":0,"player_choice":"Paid","damage_taken":0,"relics_obtained":["Red Mask"],"max_hp_gain":0,"max_hp_loss":0,"event_name":"Tomb of Lord Red Mask","floor":46,"gold_loss":348}],"is_beta":false,"boss_relics":[{"not_picked":["Busted Crown","Empty Cage"],"picked":"HoveringKite"},{"not_picked":["Ring of the Serpent","Tiny House"],"picked":"SlaversCollar"}],"items_purged_floors":[3,21],"is_endless":false,"potions_floor_spawned":[1,14,16,22,25,28,35,38,42,45,47],"ascension_level":15}