{"gold_per_floor":[11,24,24,39,55,55,96,115,169,134,134,34,55,91,91,187,187,212,212,231,251,268,268,48,80,80,80,95,95,95,145,145,216,216,233,233,248,19,31,60,80,104,104,104,122,147,447,476,476,476],"floor_reached":50,"playtime":2416,"items_purged":["Strike_G","Strike_G"],"score":1009,"play_id":"4e346e6f-1b3b-4267-a422-c464c34bba2f","local_time":"20220311223014","is_ascension_mode":true,"campfire_choices":[{"data":"Deadly Poison","floor":6.0,"key":"SMITH"},{"data":"Blade Dance","floor":15.0,"key":"SMITH"},{"floor":23.0,"key":"REST"},{"floor":27.0,"key":"REST"},{"data":"A Thousand Cuts","floor":29.0,"key":"SMITH"},{"data":"Footwork","floor":32.0,"key":"SMITH"},{"floor":44,"key":"REST"},{"floor":49,"key":"REST"}],"neow_cost":"NO_GOLD","seed_source_timestamp":52820391335000,"circlet_count":0,"master_deck":["AscendersBane","Defend_G","Defend_G","Defend_G","Survivor","Neutralize","Sucker Punch+1","Slice","After Image+1","Deadly Poison+1","Cloak And Dagger","PiercingWail","Blade Dance+1","A Thousand Cuts+1","Dodge and Roll","Acrobatics","Blade Dance","Footwork+1","Footwork+1","Die Die Die","Calculated Gamble+1","Masterful Stab+1","Acrobatics+1","Backflip","Crippling Poison+1","Quick Slash+1","PiercingWail+1","Flechettes+1"],"special_seed":0,"relics":["Ring of the Snake","Bloody Idol","Boot","Tiny Chest","Letter Opener","SlaversCollar","Lantern","Turnip","Frozen Egg 2","Astrolabe","Art of War","White Beast Statue","Bronze Scales","Pantograph","Molten Egg 2","Bag of Preparation"],"potions_floor_usage":[41,46,48,50,50],"damage_taken":[{"damage":1.0,"enemies":"Jaw Worm","floor":1.0,"turns":4.0},{"damage":4.0,"enemies":"Small Slimes","floor":2.0,"turns":4.0},{"damage":0.0,"enemies":"2 Louse","floor":4.0,"turns":2.0},{"damage":0.0,"enemies":"Blue Slaver","floor":5.0,"turns":5.0},{"damage":20.0,"enemies":"3 Sentries","floor":7.0,"turns":7.0},{"damage":14.0,"enemies":"Exordium Wildlife","floor":8.0,"turns":5.0},{"damage":3.0,"enemies":"Exordium Thugs","floor":13.0,"turns":7.0},{"damage":2.0,"enemies":"Gremlin Nob","floor":14.0,"turns":3.0},{"damage":4.0,"enemies":"The Guardian","floor":16.0,"turns":12.0},{"damage":11.0,"enemies":"Spheric Guardian","floor":18.0,"turns":5.0},{"damage":0.0,"enemies":"3 Byrds","floor":20.0,"turns":5.0},{"damage":32.0,"enemies":"3 Cultists","floor":21.0,"turns":6.0},{"damage":12.0,"enemies":"Snake Plant","floor":22.0,"turns":5.0},{"damage":8.0,"enemies":"Gremlin Leader","floor":25.0,"turns":6.0},{"damage":3.0,"enemies":"Shelled Parasite and Fungi","floor":28.0,"turns":7.0},{"damage":36.0,"enemies":"Collector","floor":33.0,"turns":8.0},{"damage":6.0,"enemies":"3 Shapes","floor":35.0,"turns":5.0},{"damage":1.0,"enemies":"Orb Walker","floor":37.0,"turns":4.0},{"damage":4.0,"enemies":"3 Darklings","floor":39.0,"turns":4.0},{"damage":9.0,"enemies":"Nemesis","floor":40.0,"turns":7.0},{"damage":40,"enemies":"Transient","floor":41,"turns":5},{"damage":9,"enemies":"Sphere and 2 Shapes","floor":45,"turns":8},{"damage":6,"enemies":"Giant Head","floor":46,"turns":10},{"damage":19,"enemies":"Reptomancer","floor":48,"turns":6},{"damage":60,"enemies":"Donu and Deca","floor":50,"turns":5}],"seed_played":"5918198457993923079","potions_obtained":[{"floor":4.0,"key":"Strength Potion"},{"floor":5.0,"key":"Dexterity Potion"},{"floor":8.0,"key":"Fire Potion"},{"floor":16.0,"key":"LiquidBronze"},{"floor":18.0,"key":"DuplicationPotion"},{"floor":21.0,"key":"CunningPotion"},{"floor":37.0,"key":"Poison Potion"},{"floor":40.0,"key":"Ancient Potion"},{"floor":41,"key":"CunningPotion"},{"floor":46,"key":"Poison Potion"},{"floor":48,"key":"Explosive Potion"}],"is_trial":false,"path_per_floor":["M","M","?","M","M","R","E","M","T","?","?","$","M","E","R","B",null,"M","?","M","M","M","R","$","E","T","R","M","R","T","?","R","B",null,"M","?","M","$","M","E","M","T","T","R","M","E","?","E","R","B"],"character_chosen":"THE_SILENT","items_purchased":["PiercingWail","Footwork","PowerPotion","Backflip","Art of War","Block Potion"],"campfire_rested":4,"item_purchase_floors":[12,24,24,38,38,38],"current_hp_per_floor":[58,54,54,54,54,54,34,20,20,35,17,17,14,12,12,8,47,36,36,41,14,7,25,25,22,22,40,42,42,42,47,47,16,49,48,48,52,52,53,49,14,19,19,37,33,32,37,23,41,0],"gold":476,"neow_bonus":"REMOVE_TWO","is_prod":false,"is_daily":false,"chose_seed":false,"campfire_upgraded":4,"win_rate":0,"timestamp":1647066614,"path_taken":["M","M","?","M","M","R","E","M","T","?","?","$","M","E","R","BOSS","M","?","M","M","M","R","$","E","T","R","M","R","?","?","R","BOSS","M","?","M","?","M","E","M","?","T","R","M","E","?","E","R","BOSS"],"build_version":"2022-03-07","purchased_purges":2,"victory":false,"max_hp_per_floor":[66,66,60,60,60,60,60,60,60,60,60,60,60,60,60,60,60,60,60,60,60,60,60,60,60,60,60,60,60,60,60,60,60,60,60,60,60,60,60,60,60,60,60,60,60,60,60,60,60,60],"relic_stats":{"counters":[25,145],"Astrolabe":["Calculated Gamble","Masterful Stab","Acrobatics"],"Bag of Preparation":[2],"Letter Opener":[331],"Boot":[310],"White Beast Statue":[0.002400000000000001,0.0,0.12000000000000004,0.0,0.49360000000000015,0.0,0.3480000000000001,0.0,0.03600000000000001,0.0,0.0,1.7048000000000003],"Bloody Idol":85,"Bronze Scales":[57],"Pantograph":19,"Tiny Chest":2,"Turnip":[10],"Art of War":[5],"obtain_stats":[{"Lantern":25,"Golden Idol":3,"Astrolabe":34,"Bag of Preparation":48,"Letter Opener":14,"Frozen Egg 2":30,"Boot":7,"White Beast Statue":40,"SlaversCollar":17,"Bloody Idol":19,"Bronze Scales":42,"Pantograph":43,"Tiny Chest":9,"Molten Egg 2":46,"Turnip":26,"Art of War":38,"Ring of the Snake":0},{"Lantern":14,"Golden Idol":2,"Astrolabe":16,"Bag of Preparation":24,"Letter Opener":8,"Frozen Egg 2":15,"Boot":5,"White Beast Statue":20,"SlaversCollar":9,"Bloody Idol":10,"Bronze Scales":21,"Pantograph":21,"Tiny Chest":6,"Molten Egg 2":23,"Turnip":14,"Art of War":18,"Ring of the Snake":0},{"Lantern":76,"Golden Idol":8,"Astrolabe":91,"Bag of Preparation":140,"Letter Opener":37,"Frozen Egg 2":83,"Boot":22,"White Beast Statue":111,"SlaversCollar":49,"Bloody Idol":54,"Bronze Scales":116,"Pantograph":116,"Tiny Chest":27,"Molten Egg 2":134,"Turnip":76,"Art of War":100,"Ring of the Snake":0}],"Ring of the Snake":[50]},"card_choices":[{"not_picked":["Slice","Quick Slash"],"picked":"Sucker Punch","floor":1.0},{"not_picked":["Sucker Punch","Outmaneuver"],"picked":"Slice","floor":2.0},{"not_picked":["Backflip","Slice"],"picked":"After Image","floor":4.0},{"not_picked":["Distraction","Well Laid Plans"],"picked":"Deadly Poison","floor":5.0},{"not_picked":["Deflect","Underhanded Strike"],"picked":"Cloak And Dagger","floor":7.0},{"not_picked":["Terror","Slice","Bane"],"picked":"SKIP","floor":8.0},{"not_picked":["Deflect","Eviscerate"],"picked":"Blade Dance","floor":13.0},{"not_picked":["Setup","PiercingWail","Slice"],"picked":"SKIP","floor":14.0},{"not_picked":["Glass Knife","Die Die Die"],"picked":"A Thousand Cuts","floor":16.0},{"not_picked":["Heel Hook","Deadly Poison"],"picked":"Dodge and Roll","floor":18.0},{"not_picked":["Heel Hook","Finisher","Eviscerate"],"picked":"SKIP","floor":20.0},{"not_picked":["Deadly Poison","Choke"],"picked":"Acrobatics","floor":21.0},{"not_picked":["Acrobatics+1","Sucker Punch"],"picked":"Blade Dance","floor":22.0},{"not_picked":["Quick Slash","Sucker Punch"],"picked":"Footwork","floor":25.0},{"not_picked":["Distraction","Quick Slash+1","Dagger Spray+1"],"picked":"SKIP","floor":28.0},{"not_picked":["Phantasmal Killer","A Thousand Cuts+1"],"picked":"Die Die Die","floor":33.0},{"not_picked":["Acrobatics","Dagger Throw","Deadly Poison"],"picked":"SKIP","floor":35.0},{"not_picked":["Tactician","Blade Dance","Catalyst"],"picked":"SKIP","floor":37.0},{"not_picked":["Footwork+1","Underhanded Strike"],"picked":"Crippling Poison+1","floor":39.0},{"not_picked":["Underhanded Strike","Caltrops+1","Eviscerate"],"picked":"SKIP","floor":40.0},{"not_picked":["Choke","Reflex"],"picked":"Quick Slash+1","floor":41},{"not_picked":["Dodge and Roll","Flying Knee"],"picked":"PiercingWail+1","floor":45},{"not_picked":["Skewer+1","Reflex"],"picked":"Flechettes+1","floor":46},{"not_picked":["Flying Knee+1","Quick Slash+1","Slice+1"],"picked":"SKIP","floor":48}],"player_experience":5069717,"relics_obtained":[{"floor":7.0,"key":"Boot"},{"floor":9.0,"key":"Tiny Chest"},{"floor":14.0,"key":"Letter Opener"},{"floor":25.0,"key":"Lantern"},{"floor":26.0,"key":"Turnip"},{"floor":30.0,"key":"Frozen Egg 2"},{"floor":40.0,"key":"White Beast Statue"},{"floor":42,"key":"Bronze Scales"},{"floor":43,"key":"Pantograph"},{"floor":46,"key":"Molten Egg 2"},{"floor":48,"key":"Bag of Preparation"}],"event_choices":[{"damage_healed":0.0,"max_hp_gain":0.0,"max_hp_loss":6.0,"gold_gain":0.0,"event_name":"Golden Idol","player_choice":"Lose Max HP","floor":3.0,"gold_loss":0.0,"damage_taken":0.0,"relics_obtained":["Golden Idol"]},{"damage_healed":15.0,"max_hp_gain":0.0,"max_hp_loss":0.0,"gold_gain":0.0,"event_name":"The Cleric","player_choice":"Healed","floor":10.0,"gold_loss":35.0,"damage_taken":0.0},{"damage_healed":0.0,"max_hp_gain":0.0,"max_hp_loss":0.0,"gold_gain":0.0,"event_name":"Shining Light","player_choice":"Entered Light","floor":11.0,"gold_loss":0.0,"damage_taken":18.0,"cards_upgraded":["Sucker Punch","After Image"]},{"damage_healed":0.0,"max_hp_gain":0.0,"max_hp_loss":0.0,"gold_gain":0.0,"event_name":"Forgotten Altar","player_choice":"Gave Idol","floor":19.0,"relics_lost":["Golden Idol"],"gold_loss":0.0,"damage_taken":0.0,"relics_obtained":["Bloody Idol"]},{"damage_healed":0.0,"max_hp_gain":0.0,"max_hp_loss":0.0,"gold_gain":50.0,"event_name":"Nest","player_choice":"Stole From Cult","floor":31.0,"gold_loss":0.0,"damage_taken":0.0},{"damage_healed":0.0,"max_hp_gain":0.0,"max_hp_loss":0.0,"gold_gain":0.0,"event_name":"Upgrade Shrine","player_choice":"Upgraded","floor":36.0,"gold_loss":0.0,"damage_taken":0.0,"cards_upgraded":["Footwork"]},{"damage_healed":0,"gold_gain":300,"player_choice":"Gold","damage_taken":0,"max_hp_gain":0,"max_hp_loss":0,"event_name":"Wheel of Change","floor":47,"gold_loss":0}],"is_beta":false,"boss_relics":[{"not_picked":["Snecko Eye","Tiny House"],"picked":"SlaversCollar"},{"not_picked":["Fusion Hammer","Empty Cage"],"picked":"Astrolabe"}],"items_purged_floors":[12,24],"is_endless":false,"potions_floor_spawned":[4,5,8,13,16,18,20,21,37,40,41,45,46,48],"killed_by":"Donu and Deca","ascension_level":15}