{"gold_per_floor":[214,214,227,47,47,47,57,57,108,142,155,166,13,42,42,121,121,141,141,160,3,19,19,69,102,125,157,168,197,215,250,250,321,321,336,336,336,346,362,397,74,106,106,131,131,131,131,141,141,141],"floor_reached":51,"playtime":2861,"items_purged":["Strike_G","Strike_G"],"score":1928,"play_id":"2ae0f048-3788-4bc7-ac7e-6960b2936774","local_time":"20220314215206","is_ascension_mode":true,"campfire_choices":[{"data":"Apotheosis","floor":6.0,"key":"SMITH"},{"data":"Footwork","floor":8.0,"key":"SMITH"},{"data":"Storm of Steel","floor":15.0,"key":"SMITH"},{"floor":23,"key":"REST"},{"floor":32,"key":"REST"},{"floor":47,"key":"REST"},{"floor":49,"key":"RECALL"}],"neow_cost":"NONE","seed_source_timestamp":47761033271300,"circlet_count":0,"master_deck":["AscendersBane","Strike_G+1","Strike_G","Defend_G+1","Defend_G","Defend_G","Defend_G","Defend_G","Survivor","Neutralize+1","Underhanded Strike","Reflex","Apotheosis+1","Cloak And Dagger","Footwork+1","Unload","Deflect","Backflip","Adrenaline+1","Footwork","Storm of Steel+1","Adrenaline","Acrobatics","Dagger Throw","Escape Plan","Leg Sweep","Acrobatics","Well Laid Plans","Adrenaline","After Image","Dodge and Roll","PiercingWail","Eviscerate+1","Master of Strategy","Calculated Gamble","Footwork","Burst","Panache","Flash of Steel"],"special_seed":0,"relics":["Ring of the Snake","Art of War","Boot","Bronze Scales","Fusion Hammer","Membership Card","Bottled Tornado","Bag of Marbles","Pocketwatch","War Paint","Omamori","Black Star","Nunchaku","Letter Opener","PreservedInsect","OrangePellets","Smiling Mask","Whetstone","Mummified Hand","Regal Pillow","White Beast Statue","Ninja Scroll"],"potions_floor_usage":[25,33,40,44,50,50,50,50,50],"damage_taken":[{"damage":2.0,"enemies":"Small Slimes","floor":1.0,"turns":4.0},{"damage":0.0,"enemies":"2 Louse","floor":3.0,"turns":4.0},{"damage":0.0,"enemies":"Cultist","floor":7.0,"turns":3.0},{"damage":0.0,"enemies":"Lagavulin","floor":10.0,"turns":9.0},{"damage":0.0,"enemies":"2 Fungi Beasts","floor":11.0,"turns":5.0},{"damage":0.0,"enemies":"Exordium Thugs","floor":12.0,"turns":5.0},{"damage":0.0,"enemies":"3 Sentries","floor":14.0,"turns":8.0},{"damage":2.0,"enemies":"Hexaghost","floor":16.0,"turns":11.0},{"damage":12.0,"enemies":"3 Byrds","floor":18.0,"turns":3.0},{"damage":0,"enemies":"Spheric Guardian","floor":20,"turns":3},{"damage":6,"enemies":"Snake Plant","floor":22,"turns":4},{"damage":3,"enemies":"Slavers","floor":25,"turns":5},{"damage":0,"enemies":"Gremlin Leader","floor":27,"turns":7},{"damage":9,"enemies":"Cultist and Chosen","floor":28,"turns":5},{"damage":0,"enemies":"Slavers","floor":29,"turns":6},{"damage":0,"enemies":"Sentry and Sphere","floor":30,"turns":4},{"damage":0,"enemies":"Gremlin Leader","floor":31,"turns":6},{"damage":0,"enemies":"Collector","floor":33,"turns":11},{"damage":0,"enemies":"3 Shapes","floor":35,"turns":4},{"damage":0,"enemies":"Orb Walker","floor":38,"turns":4},{"damage":5,"enemies":"3 Darklings","floor":39,"turns":5},{"damage":18,"enemies":"Nemesis","floor":40,"turns":7},{"damage":0,"enemies":"Giant Head","floor":42,"turns":6},{"damage":0,"enemies":"Nemesis","floor":44,"turns":5},{"damage":0,"enemies":"Jaw Worm Horde","floor":48,"turns":2},{"damage":0,"enemies":"Awakened One","floor":50,"turns":13}],"seed_played":"-1502463512741706389","potions_obtained":[{"floor":3.0,"key":"GamblersBrew"},{"floor":7.0,"key":"AttackPotion"},{"floor":14.0,"key":"DuplicationPotion"},{"floor":16.0,"key":"SteroidPotion"},{"floor":25,"key":"Energy Potion"},{"floor":27,"key":"EntropicBrew"},{"floor":39,"key":"Regen Potion"},{"floor":40,"key":"Energy Potion"},{"floor":44,"key":"ColorlessPotion"},{"floor":48,"key":"Energy Potion"}],"is_trial":false,"path_per_floor":["M","?","M","$","?","R","M","R","T","E","M","M","$","E","R","B",null,"M","?","M","$","M","R","?","E","T","E","M","E","M","E","R","B",null,"M","?","?","M","M","E","$","E","T","E","?","T","R","M","R","B",null],"character_chosen":"THE_SILENT","items_purchased":["Apotheosis","Footwork","Membership Card","PreservedInsect","OrangePellets","Master of Strategy","Calculated Gamble"],"campfire_rested":3,"item_purchase_floors":[4,13,21,41,41,41,41],"current_hp_per_floor":[57,62,62,62,62,62,62,62,62,62,62,62,62,62,62,60,68,56,36,36,36,30,52,52,49,49,49,40,40,40,40,62,62,73,73,73,76,76,71,65,65,65,65,65,55,55,76,76,76,76],"gold":141,"neow_bonus":"HUNDRED_GOLD","is_prod":false,"is_daily":false,"chose_seed":false,"campfire_upgraded":3,"win_rate":0,"timestamp":1647319926,"path_taken":["M","?","M","$","?","R","M","R","T","E","M","M","$","E","R","BOSS","M","?","M","$","M","R","?","E","T","E","M","E","M","E","R","BOSS","M","?","?","M","M","E","$","E","T","E","?","?","R","M","R","BOSS"],"build_version":"2022-03-07","purchased_purges":2,"victory":true,"max_hp_per_floor":[66,71,71,71,71,71,71,71,71,71,71,71,71,71,71,71,71,71,76,76,76,76,76,76,76,76,76,76,76,76,76,76,76,76,76,76,76,76,76,76,76,76,76,76,76,76,76,76,76,76],"relic_stats":{"Regal Pillow":0,"counters":[26,149],"PreservedInsect":180,"Omamori":1,"Letter Opener":[163],"Whetstone":["Neutralize","Strike_G"],"Bottled Tornado":"Footwork","War Paint":["Adrenaline","Defend_G"],"Boot":[188],"Smiling Mask":0,"White Beast Statue":[0.0,0.0,0.0,0.4,0.0,0.6000000000000001,0.0,0.0,0.0,0.0,0.0,0.4],"OrangePellets":[1],"Nunchaku":[10],"Mummified Hand":[20],"Bronze Scales":[376],"Art of War":[13],"Black Star":3,"Membership Card":322,"obtain_stats":[{"Regal Pillow":44,"PreservedInsect":41,"Omamori":31,"Letter Opener":40,"Whetstone":42,"Bottled Tornado":25,"War Paint":29,"Boot":10,"Smiling Mask":42,"White Beast Statue":44,"OrangePellets":41,"Nunchaku":40,"Mummified Hand":43,"Ninja Scroll":46,"Bronze Scales":14,"Fusion Hammer":17,"Art of War":9,"Bag of Marbles":26,"Black Star":34,"Membership Card":21,"Ring of the Snake":0,"Pocketwatch":27},{"Regal Pillow":24,"PreservedInsect":22,"Omamori":17,"Letter Opener":22,"Whetstone":23,"Bottled Tornado":12,"War Paint":15,"Boot":4,"Smiling Mask":23,"White Beast Statue":24,"OrangePellets":22,"Nunchaku":22,"Mummified Hand":23,"Ninja Scroll":24,"Bronze Scales":7,"Fusion Hammer":8,"Art of War":3,"Bag of Marbles":12,"Black Star":18,"Membership Card":10,"Ring of the Snake":0,"Pocketwatch":13},{"Regal Pillow":134,"PreservedInsect":123,"Omamori":92,"Letter Opener":123,"Whetstone":129,"Bottled Tornado":64,"War Paint":82,"Boot":20,"Smiling Mask":129,"White Beast Statue":134,"OrangePellets":123,"Nunchaku":123,"Mummified Hand":129,"Ninja Scroll":134,"Bronze Scales":38,"Fusion Hammer":49,"Art of War":11,"Bag of Marbles":64,"Black Star":103,"Membership Card":55,"Ring of the Snake":0,"Pocketwatch":71}],"Ring of the Snake":[52],"Pocketwatch":[36]},"card_choices":[{"not_picked":["Prepared","Reflex"],"picked":"Underhanded Strike","floor":1.0},{"not_picked":["Riddle With Holes","Heel Hook"],"picked":"Reflex","floor":3.0},{"not_picked":["Terror","Dodge and Roll"],"picked":"Deflect","floor":7.0},{"not_picked":["Flechettes","Blur"],"picked":"Backflip","floor":10.0},{"not_picked":["Distraction","Deadly Poison"],"picked":"Adrenaline","floor":11.0},{"not_picked":["Choke","Cloak And Dagger","Masterful Stab"],"picked":"SKIP","floor":12.0},{"not_picked":["Choke","Expertise"],"picked":"Storm of Steel","floor":14.0},{"not_picked":["Doppelganger","Tools of the Trade"],"picked":"Adrenaline","floor":16.0},{"not_picked":["Accuracy","Reflex"],"picked":"Acrobatics","floor":18},{"not_picked":["Blade Dance","Poisoned Stab+1"],"picked":"Dagger Throw","floor":20},{"not_picked":["Flying Knee","Heel Hook"],"picked":"Escape Plan","floor":22},{"not_picked":["Quick Slash","Dagger Spray","Terror"],"picked":"SKIP","floor":25},{"not_picked":["Deflect+1","Blur"],"picked":"Leg Sweep","floor":27},{"not_picked":["Cloak And Dagger","Catalyst"],"picked":"Acrobatics","floor":28},{"not_picked":["Bane","Quick Slash"],"picked":"Well Laid Plans","floor":29},{"not_picked":["Infinite Blades","Leg Sweep","Masterful Stab"],"picked":"SKIP","floor":30},{"not_picked":["Noxious Fumes","Concentrate"],"picked":"Adrenaline","floor":31},{"not_picked":["Night Terror","Tools of the Trade"],"picked":"After Image","floor":33},{"not_picked":["Calculated Gamble","Quick Slash"],"picked":"Dodge and Roll","floor":35},{"not_picked":["Outmaneuver","Deadly Poison"],"picked":"PiercingWail","floor":38},{"not_picked":["Skewer","Reflex"],"picked":"Eviscerate+1","floor":39},{"not_picked":["Dagger Spray","Bane+1","Deadly Poison"],"picked":"SKIP","floor":40},{"not_picked":["Expertise+1","Blade Dance"],"picked":"Footwork","floor":42},{"not_picked":["Skewer","Slice"],"picked":"Burst","floor":44},{"not_picked":["Secret Weapon","Deep Breath"],"picked":"Panache","floor":45},{"not_picked":["Blind","Magnetism"],"picked":"Flash of Steel","floor":45},{"not_picked":["Backstab","Dagger Spray","Outmaneuver+1"],"picked":"SKIP","floor":48}],"player_experience":5077397,"relics_obtained":[{"floor":9.0,"key":"Art of War"},{"floor":10.0,"key":"Boot"},{"floor":14.0,"key":"Bronze Scales"},{"floor":25,"key":"Bottled Tornado"},{"floor":26,"key":"Bag of Marbles"},{"floor":27,"key":"Pocketwatch"},{"floor":29,"key":"War Paint"},{"floor":31,"key":"Omamori"},{"floor":40,"key":"Nunchaku"},{"floor":40,"key":"Letter Opener"},{"floor":42,"key":"Smiling Mask"},{"floor":42,"key":"Whetstone"},{"floor":43,"key":"Mummified Hand"},{"floor":44,"key":"Regal Pillow"},{"floor":44,"key":"White Beast Statue"},{"floor":46,"key":"Ninja Scroll"}],"event_choices":[{"damage_healed":0.0,"max_hp_gain":5.0,"max_hp_loss":0.0,"gold_gain":0.0,"event_name":"Big Fish","player_choice":"Donut","floor":2.0,"gold_loss":0.0,"damage_taken":0.0},{"damage_healed":0.0,"max_hp_gain":0.0,"max_hp_loss":0.0,"gold_gain":0.0,"event_name":"Match and Keep!","player_choice":"3 cards matched","floor":5.0,"gold_loss":0.0,"damage_taken":0.0,"cards_obtained":["Cloak And Dagger","Footwork","Unload"]},{"damage_healed":0,"gold_gain":0,"player_choice":"Shed Blood","damage_taken":25,"max_hp_gain":5,"max_hp_loss":0,"event_name":"Forgotten Altar","floor":19,"gold_loss":0},{"damage_healed":0,"gold_gain":50,"player_choice":"Pray","damage_taken":0,"max_hp_gain":0,"max_hp_loss":0,"event_name":"Golden Shrine","floor":24,"gold_loss":0},{"cards_removed":["Strike_G"],"damage_healed":0,"gold_gain":0,"player_choice":"Removed Attack","damage_taken":0,"max_hp_gain":0,"max_hp_loss":0,"event_name":"Falling","floor":36,"gold_loss":0},{"damage_healed":15,"gold_gain":0,"player_choice":"Writhe","damage_taken":0,"max_hp_gain":0,"max_hp_loss":0,"event_name":"Winding Halls","floor":37,"gold_loss":0,"cards_obtained":["Writhe"]},{"damage_healed":0,"gold_gain":0,"player_choice":"Memory 3","damage_taken":10,"max_hp_gain":0,"max_hp_loss":0,"event_name":"SensoryStone","floor":45,"gold_loss":0}],"is_beta":false,"boss_relics":[{"not_picked":["Snecko Eye","WristBlade"],"picked":"Fusion Hammer"},{"not_picked":["Busted Crown","Runic Pyramid"],"picked":"Black Star"}],"items_purged_floors":[13,41],"is_endless":false,"potions_floor_spawned":[3,7,10,14,16,25,27,29,39,40,44,48],"ascension_level":15}