{"gold_per_floor":[115,115,190,210,228,228,253,269,295,295,337,337,14,35,35,121,121,149,160,160,31,31,66,86,86,86,115,115,115,140,172,172,257,257,279,307,51,51,51,51,88,88,88,125,144,144,185,210,210,210],"floor_reached":51,"playtime":2504,"items_purged":["Strike_G","Strike_G"],"score":1385,"play_id":"f48b5b2a-c808-484d-b1ef-7837dc3e786d","local_time":"20220321100115","is_ascension_mode":true,"campfire_choices":[{"floor":6.0,"key":"REST"},{"floor":10.0,"key":"REST"},{"data":"Footwork","floor":12.0,"key":"SMITH"},{"data":"Neutralize","floor":15.0,"key":"SMITH"},{"data":"Accuracy","floor":25.0,"key":"SMITH"},{"data":"Blade Dance","floor":29,"key":"SMITH"},{"floor":32,"key":"REST"},{"data":"Cloak And Dagger","floor":40,"key":"SMITH"},{"floor":42,"key":"REST"},{"floor":46,"key":"REST"},{"floor":49,"key":"REST"}],"neow_cost":"PERCENT_DAMAGE","seed_source_timestamp":2546544178100,"circlet_count":0,"master_deck":["AscendersBane","Strike_G","Strike_G","Defend_G","Defend_G","Defend_G","Defend_G","Defend_G+1","Survivor","Neutralize+1","Skewer+1","Blade Dance+1","Accuracy+1","Footwork+1","Dodge and Roll","Flying Knee","Cloak And Dagger+1","Adrenaline","Calculated Gamble","Caltrops","Blade Dance+1","Blur","Prepared+1","Tactician","Clumsy","Die Die Die","Backflip","Quick Slash+1","Dodge and Roll","Well Laid Plans","Leg Sweep","Malaise","Dodge and Roll+1","Backflip+1"],"special_seed":0,"relics":["Ring of the Snake","Juzu Bracelet","Lantern","CeramicFish","Toy Ornithopter","Cursed Key","Nunchaku","Akabeko","Black Star","Omamori","Oddly Smooth Stone","Du-Vu Doll","Bag of Preparation","Pocketwatch","Toxic Egg 2","Art of War"],"potions_floor_usage":[30,33,33,33,41,44,50,50],"damage_taken":[{"damage":4.0,"enemies":"2 Louse","floor":1.0,"turns":3.0},{"damage":0.0,"enemies":"Jaw Worm","floor":4.0,"turns":4.0},{"damage":1.0,"enemies":"Small Slimes","floor":5.0,"turns":3.0},{"damage":7.0,"enemies":"Lagavulin","floor":7.0,"turns":6.0},{"damage":16.0,"enemies":"Exordium Thugs","floor":8.0,"turns":6.0},{"damage":18.0,"enemies":"Gremlin Nob","floor":11.0,"turns":5.0},{"damage":0.0,"enemies":"Exordium Wildlife","floor":14.0,"turns":3.0},{"damage":0.0,"enemies":"The Guardian","floor":16.0,"turns":12.0},{"damage":2.0,"enemies":"Shell Parasite","floor":18.0,"turns":6.0},{"damage":0.0,"enemies":"2 Thieves","floor":19.0,"turns":4.0},{"damage":21.0,"enemies":"Gremlin Leader","floor":23.0,"turns":9.0},{"damage":4.0,"enemies":"3 Cultists","floor":24.0,"turns":6.0},{"damage":18,"enemies":"Snake Plant","floor":27,"turns":5},{"damage":0,"enemies":"Shelled Parasite and Fungi","floor":30,"turns":2},{"damage":60,"enemies":"Automaton","floor":33,"turns":13},{"damage":8,"enemies":"3 Darklings","floor":35,"turns":8},{"damage":12,"enemies":"3 Shapes","floor":36,"turns":3},{"damage":65,"enemies":"Giant Head","floor":41,"turns":10},{"damage":22,"enemies":"Nemesis","floor":44,"turns":9},{"damage":4,"enemies":"Maw","floor":45,"turns":7},{"damage":1,"enemies":"Reptomancer","floor":47,"turns":6},{"damage":4,"enemies":"Writhing Mass","floor":48,"turns":8},{"damage":10,"enemies":"Donu and Deca","floor":50,"turns":15}],"seed_played":"-5602449502460646548","potions_obtained":[{"floor":1.0,"key":"Strength Potion"},{"floor":7.0,"key":"Strength Potion"},{"floor":11.0,"key":"CunningPotion"},{"floor":23.0,"key":"FearPotion"},{"floor":27,"key":"EntropicBrew"},{"floor":30,"key":"Weak Potion"},{"floor":33,"key":"LiquidBronze"},{"floor":44,"key":"LiquidMemories"},{"floor":48,"key":"Explosive Potion"}],"is_trial":false,"path_per_floor":["M","?","?","M","M","R","E","M","T","R","E","R","$","M","R","B",null,"M","M","?","$","$","E","M","R","T","M","T","R","M","T","R","B",null,"M","M","$","?","?","R","E","R","T","E","M","R","E","M","R","B",null],"character_chosen":"THE_SILENT","items_purchased":["Toy Ornithopter","Fruit Juice","Caltrops","Omamori","Dodge and Roll","Well Laid Plans"],"campfire_rested":6,"item_purchase_floors":[13,13,21,37,37,37],"current_hp_per_floor":[52,29,18,18,17,40,33,17,17,40,22,22,22,22,22,22,64,62,62,62,62,62,46,47,47,47,29,29,29,39,39,63,18,67,59,47,47,64,64,64,4,28,28,11,7,31,30,26,50,50],"gold":210,"neow_bonus":"TWENTY_PERCENT_HP_BONUS","is_prod":false,"is_daily":false,"chose_seed":false,"campfire_upgraded":5,"win_rate":0,"timestamp":1647882075,"path_taken":["M","?","?","?","M","R","E","M","T","R","E","R","$","M","R","BOSS","M","M","?","$","?","E","M","R","T","M","?","R","M","?","R","BOSS","M","M","$","?","?","R","E","R","T","E","M","R","E","M","R","BOSS"],"build_version":"2022-03-07","purchased_purges":2,"victory":true,"max_hp_per_floor":[78,78,78,78,78,78,78,78,78,78,78,78,78,78,78,78,78,78,78,78,78,78,78,78,78,78,78,78,78,83,83,83,83,83,83,83,83,83,83,83,83,83,83,83,83,83,83,83,83,83],"relic_stats":{"counters":[23,153],"CeramicFish":171,"Juzu Bracelet":0,"Omamori":2,"Bag of Preparation":[8],"Cursed Key":2,"Nunchaku":[29],"Black Star":3,"Art of War":[3],"obtain_stats":[{"Lantern":9,"CeramicFish":11,"Oddly Smooth Stone":41,"Juzu Bracelet":7,"Omamori":37,"Bag of Preparation":44,"Cursed Key":17,"Akabeko":31,"Du-Vu Doll":41,"Nunchaku":23,"Black Star":34,"Art of War":47,"Toxic Egg 2":47,"Toy Ornithopter":13,"Ring of the Snake":0,"Pocketwatch":44},{"Lantern":5,"CeramicFish":6,"Oddly Smooth Stone":18,"Juzu Bracelet":4,"Omamori":17,"Bag of Preparation":19,"Cursed Key":8,"Akabeko":14,"Du-Vu Doll":18,"Nunchaku":11,"Black Star":15,"Art of War":21,"Toxic Egg 2":21,"Toy Ornithopter":6,"Ring of the Snake":0,"Pocketwatch":19},{"Lantern":22,"CeramicFish":27,"Oddly Smooth Stone":108,"Juzu Bracelet":16,"Omamori":98,"Bag of Preparation":117,"Cursed Key":42,"Akabeko":74,"Du-Vu Doll":108,"Nunchaku":61,"Black Star":87,"Art of War":130,"Toxic Egg 2":130,"Toy Ornithopter":27,"Ring of the Snake":0,"Pocketwatch":117}],"Toy Ornithopter":50,"Ring of the Snake":[46],"Pocketwatch":[18]},"card_choices":[{"not_picked":["Riddle With Holes","Sucker Punch"],"picked":"Skewer","floor":1.0},{"not_picked":["Bane","All Out Attack"],"picked":"Blade Dance","floor":4.0},{"not_picked":["Calculated Gamble","Outmaneuver"],"picked":"Accuracy","floor":5.0},{"not_picked":["Dodge and Roll","Quick Slash"],"picked":"Footwork","floor":7.0},{"not_picked":["Underhanded Strike","Crippling Poison"],"picked":"Dodge and Roll","floor":8.0},{"not_picked":["Distraction","Prepared"],"picked":"Flying Knee","floor":11.0},{"not_picked":["Masterful Stab","Dagger Throw"],"picked":"Cloak And Dagger","floor":14.0},{"not_picked":["Tools of the Trade","Corpse Explosion"],"picked":"Adrenaline","floor":16.0},{"not_picked":["Concentrate","Slice"],"picked":"Calculated Gamble","floor":18.0},{"not_picked":["Outmaneuver","Distraction","Dagger Throw"],"picked":"SKIP","floor":19.0},{"not_picked":["Endless Agony","Outmaneuver"],"picked":"Blade Dance","floor":23.0},{"not_picked":["Dodge and Roll","Terror"],"picked":"Blur","floor":24.0},{"not_picked":["Flying Knee","Deadly Poison"],"picked":"Prepared+1","floor":27},{"not_picked":["Eviscerate","Skewer"],"picked":"Tactician","floor":30},{"not_picked":["Phantasmal Killer","Bullet Time"],"picked":"Die Die Die","floor":33},{"not_picked":["Dagger Spray","Eviscerate+1"],"picked":"Backflip","floor":35},{"not_picked":["Slice","Unload"],"picked":"Quick Slash+1","floor":36},{"not_picked":["Underhanded Strike+1","Skewer"],"picked":"Leg Sweep","floor":41},{"not_picked":["Quick Slash","Flying Knee"],"picked":"Malaise","floor":44},{"not_picked":["Deadly Poison","Concentrate","Flechettes"],"picked":"SKIP","floor":45},{"not_picked":["Quick Slash+1","Backstab+1"],"picked":"Dodge and Roll+1","floor":47},{"not_picked":["Deflect+1","Bane"],"picked":"Backflip+1","floor":48}],"player_experience":5098585,"relics_obtained":[{"floor":7.0,"key":"Juzu Bracelet"},{"floor":9.0,"key":"Lantern"},{"floor":11.0,"key":"CeramicFish"},{"floor":23.0,"key":"Nunchaku"},{"floor":31,"key":"Akabeko"},{"floor":41,"key":"Oddly Smooth Stone"},{"floor":41,"key":"Du-Vu Doll"},{"floor":44,"key":"Bag of Preparation"},{"floor":44,"key":"Pocketwatch"},{"floor":47,"key":"Toxic Egg 2"},{"floor":47,"key":"Art of War"}],"event_choices":[{"damage_healed":0.0,"max_hp_gain":0.0,"max_hp_loss":0.0,"gold_gain":0.0,"event_name":"Shining Light","player_choice":"Entered Light","floor":2.0,"gold_loss":0.0,"damage_taken":23.0,"cards_upgraded":["Defend_G","Skewer"]},{"damage_healed":0.0,"max_hp_gain":0.0,"max_hp_loss":0.0,"gold_gain":75.0,"event_name":"World of Goop","player_choice":"Gather Gold","floor":3.0,"gold_loss":0.0,"damage_taken":11.0},{"cards_removed":["Strike_G"],"damage_healed":0.0,"max_hp_gain":0.0,"max_hp_loss":0.0,"gold_gain":0.0,"event_name":"Bonfire Elementals","player_choice":"Offered Basic","floor":20.0,"gold_loss":0.0,"damage_taken":0.0},{"damage_healed":17,"gold_gain":0,"player_choice":"Writhe","damage_taken":0,"max_hp_gain":0,"max_hp_loss":0,"event_name":"Winding Halls","floor":38,"gold_loss":0,"cards_obtained":["Writhe"]},{"damage_healed":0,"gold_gain":0,"player_choice":"Upgraded","damage_taken":0,"max_hp_gain":0,"max_hp_loss":0,"event_name":"Upgrade Shrine","floor":39,"gold_loss":0,"cards_upgraded":["Blade Dance"]}],"is_beta":false,"boss_relics":[{"not_picked":["Empty Cage","HoveringKite"],"picked":"Cursed Key"},{"not_picked":["SlaversCollar","Ring of the Serpent"],"picked":"Black Star"}],"items_purged_floors":[13,21],"is_endless":false,"potions_floor_spawned":[1,7,11,23,27,30,33,36,44,48],"ascension_level":15}