{"gold_per_floor":[112,13,33,51,51,76,92,92,92,92,126,137,137,171,171,243,243,262,293,75,88,104,129,129,143,143,169,180,211,136,153,153,225,225,245,6,20,36,36,36,63,63,89,89,121,121,136,136,136,136],"floor_reached":51,"playtime":1974,"items_purged":["Strike_G","Strike_G"],"score":1599,"play_id":"b293b569-1af4-4e68-9be9-fe46ed7e0dcc","local_time":"20220316233307","is_ascension_mode":true,"campfire_choices":[{"data":"Accuracy","floor":8.0,"key":"SMITH"},{"data":"Blade Dance","floor":10.0,"key":"SMITH"},{"data":"Blade Dance","floor":15.0,"key":"SMITH"},{"data":"Doppelganger","floor":32.0,"key":"SMITH"},{"data":"Cloak And Dagger","floor":40.0,"key":"SMITH"},{"data":"Phantasmal Killer","floor":42.0,"key":"SMITH"},{"data":"Burst","floor":46.0,"key":"SMITH"},{"data":"Accuracy","floor":49,"key":"SMITH"}],"neow_cost":"NONE","seed_source_timestamp":83084403024200,"circlet_count":0,"master_deck":["AscendersBane","Defend_G","Defend_G","Defend_G","Defend_G","Defend_G","Survivor","Neutralize+1","Blade Dance+1","Accuracy+1","Deflect","Dagger Spray","Calculated Gamble","Blade Dance+1","PiercingWail","Finisher","Dodge and Roll","Doppelganger+1","Acrobatics","Flying Knee+1","Burst+1","Leg Sweep+1","Adrenaline","Infinite Blades+1","Dodge and Roll+1","Phantasmal Killer+1","Backstab","Cloak And Dagger+1","Accuracy+1","Flash of Steel"],"special_seed":0,"relics":["Ring of the Snake","The Specimen","Lizard Tail","Ginger","PreservedInsect","WristBlade","Red Mask","Bronze Scales","Eternal Feather","MutagenicStrength","Question Card","Meat on the Bone","Smiling Mask","Philosopher\u0027s Stone","Nunchaku","Torii","Potion Belt","CaptainsWheel"],"potions_floor_usage":[50,50],"damage_taken":[{"damage":1.0,"enemies":"Jaw Worm","floor":1.0,"turns":4.0},{"damage":1.0,"enemies":"2 Louse","floor":3.0,"turns":4.0},{"damage":0.0,"enemies":"Small Slimes","floor":4.0,"turns":2.0},{"damage":14.0,"enemies":"Gremlin Nob","floor":6.0,"turns":4.0},{"damage":0.0,"enemies":"Looter","floor":7.0,"turns":3.0},{"damage":4.0,"enemies":"Lagavulin","floor":11.0,"turns":4.0},{"damage":0.0,"enemies":"2 Fungi Beasts","floor":12.0,"turns":2.0},{"damage":0.0,"enemies":"Gremlin Nob","floor":14.0,"turns":2.0},{"damage":5.0,"enemies":"Slime Boss","floor":16.0,"turns":6.0},{"damage":0.0,"enemies":"Chosen","floor":18.0,"turns":3.0},{"damage":7.0,"enemies":"Masked Bandits","floor":19.0,"turns":3.0},{"damage":4.0,"enemies":"Shell Parasite","floor":21.0,"turns":3.0},{"damage":2.0,"enemies":"Shelled Parasite and Fungi","floor":22.0,"turns":3.0},{"damage":0.0,"enemies":"Gremlin Leader","floor":23.0,"turns":4.0},{"damage":15.0,"enemies":"Sentry and Sphere","floor":25.0,"turns":4.0},{"damage":0.0,"enemies":"Book of Stabbing","floor":27.0,"turns":3.0},{"damage":0.0,"enemies":"3 Cultists","floor":28.0,"turns":4.0},{"damage":4.0,"enemies":"Gremlin Leader","floor":29.0,"turns":4.0},{"damage":0.0,"enemies":"Chosen and Byrds","floor":31.0,"turns":4.0},{"damage":47.0,"enemies":"Champ","floor":33.0,"turns":8.0},{"damage":6.0,"enemies":"3 Darklings","floor":35.0,"turns":3.0},{"damage":1.0,"enemies":"3 Shapes","floor":37.0,"turns":2.0},{"damage":4.0,"enemies":"Spire Growth","floor":38.0,"turns":2.0},{"damage":0.0,"enemies":"Giant Head","floor":41.0,"turns":3.0},{"damage":0.0,"enemies":"Reptomancer","floor":45.0,"turns":3.0},{"damage":1,"enemies":"Writhing Mass","floor":47,"turns":4},{"damage":29,"enemies":"Donu and Deca","floor":50,"turns":6}],"seed_played":"-8958100167529993549","potions_obtained":[{"floor":3.0,"key":"Fire Potion"},{"floor":4.0,"key":"AttackPotion"},{"floor":16.0,"key":"Block Potion"},{"floor":18.0,"key":"Regen Potion"},{"floor":22.0,"key":"SteroidPotion"},{"floor":31.0,"key":"SteroidPotion"},{"floor":33.0,"key":"Explosive Potion"},{"floor":37.0,"key":"Poison Potion"},{"floor":38.0,"key":"Fire Potion"},{"floor":45.0,"key":"Weak Potion"},{"floor":47,"key":"Poison Potion"}],"is_trial":false,"path_per_floor":["M","$","M","M","?","E","M","R","T","R","E","M","?","E","R","B",null,"M","?","$","M","M","E","?","M","T","E","M","E","?","M","R","B",null,"M","$","M","M","?","R","E","R","T","?","E","R","M","?","R","B",null],"character_chosen":"THE_SILENT","items_purchased":["Accuracy","Deflect","Bronze Scales","Nunchaku","Cloak And Dagger"],"campfire_rested":0,"item_purchase_floors":[2,2,20,36,36],"current_hp_per_floor":[58,58,57,57,62,48,48,48,48,48,44,44,44,44,44,39,63,63,56,56,61,59,59,59,44,44,44,44,40,40,40,55,20,58,52,52,51,47,47,62,62,67,67,67,67,67,66,66,67,38],"gold":136,"neow_bonus":"UPGRADE_CARD","is_prod":false,"is_daily":false,"chose_seed":false,"campfire_upgraded":8,"win_rate":0,"timestamp":1647498787,"path_taken":["M","$","M","M","?","E","M","R","T","R","E","M","?","E","R","BOSS","M","?","$","M","M","E","?","M","T","E","M","E","?","M","R","BOSS","M","$","M","M","?","R","E","R","T","?","E","R","?","?","R","BOSS"],"build_version":"2022-03-07","purchased_purges":2,"victory":true,"max_hp_per_floor":[66,66,66,66,71,71,71,71,71,71,71,71,71,71,71,71,71,71,71,71,71,71,71,71,71,71,71,71,71,71,71,71,71,71,71,71,71,71,67,67,67,67,67,67,67,67,67,67,67,67],"relic_stats":{"The Specimen":[0],"Torii":5,"counters":[27,97],"Eternal Feather":36,"PreservedInsect":327,"Ginger":[10],"Question Card":12,"Smiling Mask":50,"Lizard Tail":0,"Nunchaku":[9],"Bronze Scales":[161],"obtain_stats":[{"Potion Belt":43,"The Specimen":6,"Torii":41,"Eternal Feather":23,"PreservedInsect":14,"Ginger":11,"Question Card":26,"Smiling Mask":29,"Lizard Tail":9,"Nunchaku":36,"CaptainsWheel":45,"WristBlade":17,"Bronze Scales":20,"MutagenicStrength":24,"Philosopher\u0027s Stone":34,"Red Mask":19,"Ring of the Snake":0,"Meat on the Bone":27},{"Potion Belt":24,"The Specimen":4,"Torii":24,"Eternal Feather":14,"PreservedInsect":8,"Ginger":6,"Question Card":15,"Smiling Mask":18,"Lizard Tail":5,"Nunchaku":21,"CaptainsWheel":25,"WristBlade":9,"Bronze Scales":11,"MutagenicStrength":14,"Philosopher\u0027s Stone":20,"Red Mask":11,"Ring of the Snake":0,"Meat on the Bone":16},{"Potion Belt":84,"The Specimen":14,"Torii":84,"Eternal Feather":47,"PreservedInsect":25,"Ginger":21,"Question Card":51,"Smiling Mask":62,"Lizard Tail":17,"Nunchaku":77,"CaptainsWheel":87,"WristBlade":31,"Bronze Scales":37,"MutagenicStrength":47,"Philosopher\u0027s Stone":74,"Red Mask":37,"Ring of the Snake":0,"Meat on the Bone":54}],"Ring of the Snake":[54],"Meat on the Bone":12},"card_choices":[{"not_picked":["Underhanded Strike","Dagger Spray"],"picked":"Blade Dance","floor":1.0},{"not_picked":["Well Laid Plans","Dodge and Roll"],"picked":"Dagger Spray","floor":3.0},{"not_picked":["Acrobatics","Slice"],"picked":"Calculated Gamble","floor":4.0},{"not_picked":["Dodge and Roll","Sucker Punch"],"picked":"Blade Dance","floor":6.0},{"not_picked":["Dagger Throw","Deadly Poison"],"picked":"PiercingWail","floor":7.0},{"not_picked":["Unload","Setup","PiercingWail"],"picked":"SKIP","floor":11.0},{"not_picked":["Catalyst","Underhanded Strike"],"picked":"Finisher","floor":12.0},{"not_picked":["Flying Knee","Outmaneuver"],"picked":"Dodge and Roll","floor":14.0},{"not_picked":["Grand Finale","Unload"],"picked":"Doppelganger","floor":16.0},{"not_picked":["Underhanded Strike","Bane"],"picked":"Acrobatics","floor":18.0},{"not_picked":["Underhanded Strike","Slice"],"picked":"Flying Knee+1","floor":19.0},{"not_picked":["Quick Slash","Dagger Spray"],"picked":"Burst","floor":21.0},{"not_picked":["Dagger Throw","Flying Knee","Dagger Spray"],"picked":"SKIP","floor":22.0},{"not_picked":["Poisoned Stab","Deadly Poison"],"picked":"Leg Sweep+1","floor":23.0},{"not_picked":["Flechettes","Deadly Poison"],"picked":"Adrenaline","floor":25.0},{"not_picked":["Finisher","Distraction","Bane+1"],"picked":"Infinite Blades+1","floor":27.0},{"not_picked":["Flying Knee","Dagger Spray","Underhanded Strike","Terror"],"picked":"SKIP","floor":28.0},{"not_picked":["Storm of Steel","Quick Slash","Sucker Punch","Underhanded Strike+1"],"picked":"SKIP","floor":29.0},{"not_picked":["Setup","Distraction","Infinite Blades"],"picked":"Dodge and Roll+1","floor":31.0},{"not_picked":["Die Die Die","Bullet Time","Night Terror"],"picked":"Phantasmal Killer","floor":33.0},{"not_picked":["Dagger Throw","Leg Sweep+1","Dodge and Roll"],"picked":"Backstab","floor":35.0},{"not_picked":["Prepared","Dagger Throw","Outmaneuver","Poisoned Stab"],"picked":"SKIP","floor":37.0},{"not_picked":["Flying Knee","Cloak And Dagger","Acrobatics","Infinite Blades"],"picked":"SKIP","floor":38.0},{"not_picked":["Expertise","Predator+1","Flechettes+1","Deadly Poison"],"picked":"SKIP","floor":41.0},{"not_picked":["Deadly Poison","Masterful Stab+1","Outmaneuver","Backflip"],"picked":"SKIP","floor":45.0},{"not_picked":["Calculated Gamble","Outmaneuver","Dodge and Roll"],"picked":"Accuracy","floor":47},{"not_picked":["Bandage Up","Madness","PanicButton"],"picked":"Flash of Steel","floor":48}],"player_experience":5085007,"relics_obtained":[{"floor":6.0,"key":"The Specimen"},{"floor":9.0,"key":"Lizard Tail"},{"floor":11.0,"key":"Ginger"},{"floor":14.0,"key":"PreservedInsect"},{"floor":19.0,"key":"Red Mask"},{"floor":23.0,"key":"Eternal Feather"},{"floor":26.0,"key":"Question Card"},{"floor":27.0,"key":"Meat on the Bone"},{"floor":29.0,"key":"Smiling Mask"},{"floor":41.0,"key":"Torii"},{"floor":43.0,"key":"Potion Belt"},{"floor":45.0,"key":"CaptainsWheel"}],"event_choices":[{"damage_healed":0.0,"max_hp_gain":5.0,"max_hp_loss":0.0,"gold_gain":0.0,"event_name":"Big Fish","player_choice":"Donut","floor":5.0,"gold_loss":0.0,"damage_taken":0.0},{"cards_removed":["Strike_G"],"damage_healed":0.0,"max_hp_gain":0.0,"max_hp_loss":0.0,"gold_gain":0.0,"event_name":"Living Wall","player_choice":"Forget","floor":13.0,"gold_loss":0.0,"damage_taken":0.0},{"damage_healed":0.0,"max_hp_gain":0.0,"max_hp_loss":0.0,"gold_gain":0.0,"event_name":"Masked Bandits","player_choice":"Fought Bandits","floor":19.0,"gold_loss":0.0,"damage_taken":0.0},{"damage_healed":0.0,"max_hp_gain":0.0,"max_hp_loss":0.0,"gold_gain":0.0,"event_name":"Drug Dealer","player_choice":"Inject Mutagens","floor":24.0,"gold_loss":0.0,"damage_taken":0.0,"relics_obtained":["MutagenicStrength"]},{"cards_removed":["Strike_G"],"damage_healed":0.0,"max_hp_gain":0.0,"max_hp_loss":0.0,"gold_gain":0.0,"event_name":"Beggar","player_choice":"Gave Gold","floor":30.0,"gold_loss":75.0,"damage_taken":0.0},{"damage_healed":0.0,"max_hp_gain":0.0,"max_hp_loss":4.0,"gold_gain":0.0,"event_name":"Winding Halls","player_choice":"Max HP","floor":39.0,"gold_loss":0.0,"damage_taken":0.0},{"cards_removed":["Strike_G"],"damage_healed":0.0,"max_hp_gain":0.0,"max_hp_loss":0.0,"gold_gain":0.0,"event_name":"Bonfire Elementals","player_choice":"Offered Basic","floor":44.0,"gold_loss":0.0,"damage_taken":0.0},{"damage_healed":0,"gold_gain":0,"player_choice":"Memory 1","damage_taken":0,"max_hp_gain":0,"max_hp_loss":0,"event_name":"SensoryStone","floor":48,"gold_loss":0}],"is_beta":false,"boss_relics":[{"not_picked":["Cursed Key","Calling Bell"],"picked":"WristBlade"},{"not_picked":["Ring of the Serpent","Empty Cage"],"picked":"Philosopher\u0027s Stone"}],"items_purged_floors":[20,36],"is_endless":false,"potions_floor_spawned":[3,4,16,18,22,23,25,31,33,37,38,45,47],"ascension_level":15}