{"gold_per_floor":[14,14,26,40,58,91,91,118,144,172,184,212,234,275,287,377,389,413,350,162,162,174,174,192,219,245,271,161,172,197,197,197,273,273,293,312,312,312,85,111,111,123,169,204,0,25,25,41,41,41],"floor_reached":51,"playtime":5021,"items_purged":["Strike_G"],"score":1433,"play_id":"0807e65f-b646-46fd-97b8-d74d2cd22660","local_time":"20220324122631","is_ascension_mode":true,"campfire_choices":[{"data":"Neutralize","floor":7.0,"key":"SMITH"},{"floor":15.0,"key":"REST"},{"data":"Envenom","floor":23.0,"key":"SMITH"},{"data":"Accuracy","floor":32,"key":"SMITH"},{"data":"Apotheosis","floor":41,"key":"SMITH"},{"data":"Adrenaline","floor":49,"key":"SMITH"}],"neow_cost":"NO_GOLD","seed_source_timestamp":95295560587000,"circlet_count":0,"master_deck":["AscendersBane","Defend_G","Defend_G","Defend_G","Survivor","Neutralize+1","A Thousand Cuts+1","Infinite Blades","Blade Dance","Flying Knee+1","Blade Dance","Cloak And Dagger","Dash+1","Prepared","Backflip","Glass Knife","Dodge and Roll","Blade Dance+1","Envenom+1","Accuracy+1","Backflip","Dodge and Roll","PiercingWail+1","Dodge and Roll+1","Adrenaline+1","Escape Plan","Apotheosis+1","Blade Dance","Prepared","Sucker Punch+1","Prepared"],"special_seed":0,"relics":["Ring of the Snake","Pantograph","Tiny Chest","MawBank","Boot","Coffee Dripper","Kunai","Tough Bandages","Bag of Marbles","StrikeDummy","Whetstone","MutagenicStrength","Empty Cage","Vajra","White Beast Statue","Akabeko","Dream Catcher","Red Mask","Anchor","Mercury Hourglass"],"potions_floor_usage":[33,50],"damage_taken":[{"damage":2.0,"enemies":"Jaw Worm","floor":1.0,"turns":5.0},{"damage":0.0,"enemies":"Cultist","floor":3.0,"turns":3.0},{"damage":4.0,"enemies":"2 Louse","floor":4.0,"turns":3.0},{"damage":10.0,"enemies":"Lots of Slimes","floor":5.0,"turns":2.0},{"damage":12.0,"enemies":"3 Sentries","floor":6.0,"turns":4.0},{"damage":20.0,"enemies":"Gremlin Nob","floor":8.0,"turns":5.0},{"damage":1.0,"enemies":"Blue Slaver","floor":10.0,"turns":3.0},{"damage":0.0,"enemies":"Looter","floor":12.0,"turns":3.0},{"damage":0.0,"enemies":"Large Slime","floor":13.0,"turns":3.0},{"damage":1.0,"enemies":"3 Sentries","floor":14.0,"turns":6.0},{"damage":20.0,"enemies":"The Guardian","floor":16.0,"turns":10.0},{"damage":1.0,"enemies":"Spheric Guardian","floor":18.0,"turns":3.0},{"damage":17.0,"enemies":"2 Thieves","floor":22.0,"turns":3.0},{"damage":10.0,"enemies":"Cultist and Chosen","floor":24.0,"turns":4.0},{"damage":11.0,"enemies":"Slavers","floor":25.0,"turns":5.0},{"damage":25.0,"enemies":"Gremlin Leader","floor":27.0,"turns":5.0},{"damage":0.0,"enemies":"Centurion and Healer","floor":29.0,"turns":3.0},{"damage":9.0,"enemies":"Book of Stabbing","floor":30.0,"turns":4.0},{"damage":8,"enemies":"Automaton","floor":33,"turns":7},{"damage":0,"enemies":"Orb Walker","floor":35,"turns":1},{"damage":0,"enemies":"3 Darklings","floor":36,"turns":3},{"damage":3,"enemies":"Giant Head","floor":40,"turns":5},{"damage":0,"enemies":"Jaw Worm Horde","floor":42,"turns":4},{"damage":17,"enemies":"Reptomancer","floor":44,"turns":4},{"damage":0,"enemies":"Nemesis","floor":46,"turns":3},{"damage":0,"enemies":"Maw","floor":48,"turns":4},{"damage":12,"enemies":"Donu and Deca","floor":50,"turns":5}],"seed_played":"4731675079893882151","potions_obtained":[{"floor":5.0,"key":"PowerPotion"},{"floor":6.0,"key":"Fruit Juice"},{"floor":10.0,"key":"SpeedPotion"},{"floor":11.0,"key":"FairyPotion"},{"floor":16.0,"key":"ColorlessPotion"},{"floor":25.0,"key":"FairyPotion"},{"floor":29.0,"key":"SteroidPotion"},{"floor":30.0,"key":"DistilledChaos"},{"floor":33,"key":"SteroidPotion"},{"floor":44,"key":"CultistPotion"}],"is_trial":false,"path_per_floor":["M","?","M","M","M","E","R","E","T","M","?","M","M","E","R","B",null,"M","?","$","T","M","R","M","E","T","E","?","M","E","?","R","B",null,"M","M","T","?","$","E","R","M","T","E","?","E","T","M","R","B",null],"character_chosen":"THE_SILENT","items_purchased":["Accuracy","Backflip","Apotheosis","Blade Dance"],"campfire_rested":1,"item_purchase_floors":[20,20,39,39],"current_hp_per_floor":[57,57,57,53,43,31,31,11,11,10,15,15,15,14,35,40,63,62,62,62,62,45,45,35,24,24,21,21,21,12,12,12,29,61,61,61,61,61,61,58,58,58,58,41,41,41,41,41,41,54],"gold":41,"neow_bonus":"TRANSFORM_TWO_CARDS","is_prod":false,"is_daily":false,"chose_seed":false,"campfire_upgraded":5,"win_rate":0,"timestamp":1648149991,"path_taken":["M","?","?","M","M","E","R","E","T","M","?","M","?","E","R","BOSS","M","?","$","?","M","R","M","E","T","E","?","?","E","?","R","BOSS","M","M","?","?","?","E","R","M","T","E","?","E","?","?","R","BOSS"],"build_version":"2022-03-07","purchased_purges":1,"victory":true,"max_hp_per_floor":[66,66,66,66,66,66,66,66,66,66,71,71,71,71,71,71,71,71,71,71,71,71,71,71,71,71,71,71,71,71,71,71,71,71,71,71,71,71,71,71,71,71,71,71,71,71,71,71,71,71],"relic_stats":{"counters":[27,110],"Whetstone":["Dash","Flying Knee"],"MawBank":132,"Boot":[64],"White Beast Statue":[0.0,0.012000000000000004,0.0,0.22400000000000006,0.0,0.5280000000000001,0.0,0.22400000000000006,0.0,0.012000000000000004,0.0,2.0],"Mercury Hourglass":[30],"Tough Bandages":[87],"Dream Catcher":0,"Pantograph":75,"Tiny Chest":3,"Kunai":[71],"obtain_stats":[{"Vajra":37,"Whetstone":30,"MawBank":9,"Boot":14,"Empty Cage":34,"White Beast Statue":40,"Akabeko":43,"Mercury Hourglass":47,"Tough Bandages":25,"Dream Catcher":44,"Anchor":46,"Pantograph":6,"MutagenicStrength":31,"Tiny Chest":8,"Coffee Dripper":17,"Bag of Marbles":26,"Red Mask":45,"Kunai":21,"StrikeDummy":27,"Ring of the Snake":0},{"Vajra":21,"Whetstone":18,"MawBank":6,"Boot":10,"Empty Cage":19,"White Beast Statue":22,"Akabeko":23,"Mercury Hourglass":25,"Tough Bandages":15,"Dream Catcher":24,"Anchor":25,"Pantograph":5,"MutagenicStrength":18,"Tiny Chest":6,"Coffee Dripper":11,"Bag of Marbles":15,"Red Mask":24,"Kunai":12,"StrikeDummy":16,"Ring of the Snake":0},{"Vajra":85,"Whetstone":74,"MawBank":22,"Boot":37,"Empty Cage":81,"White Beast Statue":90,"Akabeko":94,"Mercury Hourglass":101,"Tough Bandages":62,"Dream Catcher":98,"Anchor":101,"Pantograph":17,"MutagenicStrength":74,"Tiny Chest":22,"Coffee Dripper":47,"Bag of Marbles":62,"Red Mask":98,"Kunai":50,"StrikeDummy":67,"Ring of the Snake":0}],"Ring of the Snake":[54]},"card_choices":[{"not_picked":["Deflect","Dodge and Roll"],"picked":"Blade Dance","floor":1.0},{"not_picked":["Deadly Poison","Bouncing Flask"],"picked":"Flying Knee","floor":3.0},{"not_picked":["Predator","Distraction"],"picked":"Blade Dance","floor":4.0},{"not_picked":["Well Laid Plans","Bane"],"picked":"Cloak And Dagger","floor":5.0},{"not_picked":["Riddle With Holes","Dagger Spray"],"picked":"Dash","floor":6.0},{"not_picked":["Masterful Stab","Sucker Punch"],"picked":"Prepared","floor":8.0},{"not_picked":["Catalyst","Skewer"],"picked":"Backflip","floor":10.0},{"not_picked":["Poisoned Stab","Terror"],"picked":"Glass Knife","floor":12.0},{"not_picked":["Dash","Backflip"],"picked":"Dodge and Roll","floor":13.0},{"not_picked":["Terror","Dagger Spray"],"picked":"Blade Dance","floor":14.0},{"not_picked":["Glass Knife","Burst"],"picked":"Envenom","floor":16.0},{"not_picked":["Quick Slash","Heel Hook","Blade Dance"],"picked":"SKIP","floor":18.0},{"not_picked":["Flechettes","Dagger Spray","Deadly Poison"],"picked":"SKIP","floor":22.0},{"not_picked":["Dash","Prepared"],"picked":"Dodge and Roll","floor":24.0},{"not_picked":["Glass Knife","Dagger Throw"],"picked":"PiercingWail+1","floor":25.0},{"not_picked":["Flechettes","Catalyst"],"picked":"Dodge and Roll+1","floor":27.0},{"not_picked":["Slice","Concentrate","Catalyst+1"],"picked":"SKIP","floor":29.0},{"not_picked":["Skewer+1","Sucker Punch","Dash"],"picked":"SKIP","floor":30.0},{"not_picked":["Unload","Envenom"],"picked":"Adrenaline","floor":33},{"not_picked":["All Out Attack","Deadly Poison","Quick Slash"],"picked":"SKIP","floor":35},{"not_picked":["PiercingWail","Blur"],"picked":"Escape Plan","floor":36},{"not_picked":["All Out Attack","Flechettes"],"picked":"Prepared","floor":40},{"not_picked":["Crippling Poison+1","Choke","Underhanded Strike+1"],"picked":"SKIP","floor":42},{"not_picked":["Slice","Underhanded Strike","Outmaneuver+1"],"picked":"SKIP","floor":44},{"not_picked":["Expertise","Eviscerate+1"],"picked":"Sucker Punch+1","floor":46},{"not_picked":["Setup+1","Deflect"],"picked":"Prepared","floor":48}],"player_experience":5106929,"relics_obtained":[{"floor":6.0,"key":"Pantograph"},{"floor":8.0,"key":"Tiny Chest"},{"floor":9.0,"key":"MawBank"},{"floor":14.0,"key":"Boot"},{"floor":21.0,"key":"Kunai"},{"floor":25.0,"key":"Tough Bandages"},{"floor":26.0,"key":"Bag of Marbles"},{"floor":27.0,"key":"StrikeDummy"},{"floor":30.0,"key":"Whetstone"},{"floor":37,"key":"Vajra"},{"floor":40,"key":"White Beast Statue"},{"floor":43,"key":"Akabeko"},{"floor":44,"key":"Dream Catcher"},{"floor":46,"key":"Anchor"},{"floor":47,"key":"Mercury Hourglass"}],"event_choices":[{"damage_healed":0.0,"max_hp_gain":0.0,"max_hp_loss":0.0,"gold_gain":0.0,"event_name":"Upgrade Shrine","player_choice":"Upgraded","floor":2.0,"gold_loss":0.0,"damage_taken":0.0,"cards_upgraded":["A Thousand Cuts"]},{"damage_healed":0.0,"max_hp_gain":0.0,"max_hp_loss":0.0,"gold_gain":0.0,"event_name":"Lab","player_choice":"Got Potions","floor":11.0,"gold_loss":0.0,"damage_taken":0.0},{"cards_removed":["Strike_G"],"damage_healed":0.0,"max_hp_gain":0.0,"max_hp_loss":0.0,"gold_gain":0.0,"event_name":"Beggar","player_choice":"Gave Gold","floor":19.0,"gold_loss":75.0,"damage_taken":0.0},{"cards_removed":["Strike_G"],"damage_healed":0.0,"max_hp_gain":0.0,"max_hp_loss":0.0,"gold_gain":0.0,"event_name":"Designer","player_choice":"Upgrade and Remove","floor":28.0,"gold_loss":110.0,"damage_taken":0.0,"cards_upgraded":["Blade Dance"]},{"damage_healed":0,"gold_gain":0,"player_choice":"Inject Mutagens","damage_taken":0,"relics_obtained":["MutagenicStrength"],"max_hp_gain":0,"max_hp_loss":0,"event_name":"Drug Dealer","floor":31,"gold_loss":0},{"damage_healed":0,"gold_gain":0,"player_choice":"Memory 1","damage_taken":0,"max_hp_gain":0,"max_hp_loss":0,"event_name":"SensoryStone","floor":38,"gold_loss":0},{"damage_healed":0,"gold_gain":0,"player_choice":"Paid","damage_taken":0,"relics_obtained":["Red Mask"],"max_hp_gain":0,"max_hp_loss":0,"event_name":"Tomb of Lord Red Mask","floor":45,"gold_loss":204}],"is_beta":false,"boss_relics":[{"not_picked":["Ring of the Serpent","Fusion Hammer"],"picked":"Coffee Dripper"},{"not_picked":["Pandora\u0027s Box","Velvet Choker"],"picked":"Empty Cage"}],"items_purged_floors":[20],"is_endless":false,"potions_floor_spawned":[5,6,10,16,25,29,30,33,36,42,44,46,48],"ascension_level":15}