{"gold_per_floor":[119,119,139,139,165,212,5,5,76,103,116,132,132,166,166,241,241,254,254,274,199,249,261,293,307,307,307],"floor_reached":27,"playtime":1316,"items_purged":["Strike_G"],"score":443,"play_id":"7e7a0f30-3462-4b6f-808d-5bd391539511","local_time":"20220403204025","is_ascension_mode":true,"campfire_choices":[{"floor":8,"key":"REST"},{"data":"Accuracy","floor":15,"key":"SMITH"}],"neow_cost":"NONE","seed_source_timestamp":192844066262000,"circlet_count":0,"master_deck":["AscendersBane","Strike_G","Strike_G","Strike_G","Defend_G","Defend_G","Defend_G","Defend_G","Defend_G","Survivor","Neutralize","Poisoned Stab+1","Blade Dance","PiercingWail","Accuracy+1","Blade Dance","Footwork","Well Laid Plans","Glass Knife","Backflip","Concentrate+1"],"relics":["Ring of the Snake","MawBank","CaptainsWheel","TwistedFunnel","hermit:BloodyTooth","Boot","Omamori","HoveringKite","WarpedTongs","Unceasing Top","theSenshi:SuperSailorFukuRelic"],"potions_floor_usage":[18],"damage_taken":[{"damage":3,"enemies":"Jaw Worm","floor":1,"turns":4},{"damage":0,"enemies":"Small Slimes","floor":3,"turns":4},{"damage":0,"enemies":"Cultist","floor":5,"turns":3},{"damage":42,"enemies":"Lagavulin","floor":6,"turns":10},{"damage":18,"enemies":"Gremlin Nob","floor":10,"turns":4},{"damage":0,"enemies":"Looter","floor":11,"turns":2},{"damage":1,"enemies":"Large Slime","floor":12,"turns":4},{"damage":3,"enemies":"3 Sentries","floor":14,"turns":6},{"damage":2,"enemies":"Hexaghost","floor":16,"turns":7},{"damage":19,"enemies":"2 Thieves","floor":18,"turns":4},{"damage":0,"enemies":"Spheric Guardian","floor":20,"turns":2},{"damage":0,"enemies":"3 Cultists","floor":23,"turns":4},{"damage":45,"enemies":"Slavers","floor":24,"turns":5},{"damage":4,"enemies":"Snake Plant","floor":25,"turns":4},{"damage":27,"enemies":"Gremlin Leader","floor":27,"turns":5}],"seed_played":"633956875047828622","potions_obtained":[{"floor":1,"key":"bronze:BurnAndBuffPotion"},{"floor":5,"key":"FairyPotion"},{"floor":11,"key":"ColorlessPotion"},{"floor":14,"key":"Weak Potion"},{"floor":20,"key":"Dexterity Potion"}],"is_trial":false,"path_per_floor":["M","?","M","?","M","E","$","R","T","E","M","M","?","E","R","B",null,"M","?","M","?","?","M","E","M","T","E"],"character_chosen":"THE_SILENT","items_purchased":["TwistedFunnel"],"campfire_rested":1,"item_purchase_floors":[7],"current_hp_per_floor":[62,62,62,62,62,20,20,41,41,23,23,22,22,19,19,17,58,39,39,39,39,39,39,21,17,17,0],"gold":307,"neow_bonus":"TEN_PERCENT_HP_BONUS","is_prod":false,"is_daily":false,"chose_seed":false,"campfire_upgraded":1,"win_rate":0,"timestamp":1649043625,"path_taken":["M","?","M","?","M","E","$","R","T","E","M","?","?","E","R","BOSS","M","?","?","?","?","M","E","M","T","E"],"build_version":"2022-03-07","purchased_purges":1,"victory":false,"max_hp_per_floor":[72,72,72,72,72,72,72,72,72,72,72,72,72,72,72,72,72,72,72,72,72,72,72,72,72,72,72],"relic_stats":{"counters":[15,68],"HoveringKite":[3],"Omamori":1,"MawBank":36,"Boot":[19],"obtain_stats":[{"TwistedFunnel":7,"CaptainsWheel":6,"theSenshi:SuperSailorFukuRelic":26,"HoveringKite":17,"Omamori":14,"MawBank":4,"Boot":10,"Unceasing Top":24,"Ring of the Snake":0,"hermit:BloodyTooth":9,"WarpedTongs":19},{"TwistedFunnel":4,"CaptainsWheel":4,"theSenshi:SuperSailorFukuRelic":14,"HoveringKite":9,"Omamori":8,"MawBank":2,"Boot":5,"Unceasing Top":13,"Ring of the Snake":0,"hermit:BloodyTooth":4,"WarpedTongs":10},{"TwistedFunnel":21,"CaptainsWheel":21,"theSenshi:SuperSailorFukuRelic":63,"HoveringKite":44,"Omamori":37,"MawBank":8,"Boot":25,"Unceasing Top":59,"Ring of the Snake":0,"hermit:BloodyTooth":21,"WarpedTongs":48}],"Unceasing Top":[0],"Ring of the Snake":[30],"WarpedTongs":[20]},"card_choices":[{"not_picked":["Distraction","PiercingWail"],"picked":"Poisoned Stab","floor":1},{"not_picked":["Deflect","Backstab"],"picked":"Blade Dance","floor":3},{"not_picked":["Slice","Well Laid Plans"],"picked":"PiercingWail","floor":5},{"not_picked":["Endless Agony","Dagger Throw"],"picked":"Accuracy","floor":6},{"not_picked":["Deflect","Cloak And Dagger"],"picked":"Blade Dance","floor":10},{"not_picked":["Outmaneuver","Setup"],"picked":"Footwork","floor":11},{"not_picked":["Catalyst","Grand Finale"],"picked":"Well Laid Plans","floor":12},{"not_picked":["Quick Slash","Concentrate","Endless Agony"],"picked":"SKIP","floor":14},{"not_picked":["Envenom","Tools of the Trade"],"picked":"Glass Knife","floor":16},{"not_picked":["Heel Hook","Skewer","Poisoned Stab"],"picked":"SKIP","floor":18},{"not_picked":["Escape Plan","PiercingWail"],"picked":"Backflip","floor":20},{"not_picked":["Cloak And Dagger","Outmaneuver+1","Night Terror"],"picked":"SKIP","floor":23},{"not_picked":["Choke","Backflip","Underhanded Strike"],"picked":"SKIP","floor":24},{"not_picked":["Outmaneuver","PiercingWail"],"picked":"Concentrate+1","floor":25}],"player_experience":5148340,"relics_obtained":[{"floor":6,"key":"CaptainsWheel"},{"floor":9,"key":"hermit:BloodyTooth"},{"floor":10,"key":"Boot"},{"floor":14,"key":"Omamori"},{"floor":24,"key":"Unceasing Top"},{"floor":26,"key":"theSenshi:SuperSailorFukuRelic"}],"event_choices":[{"damage_healed":0,"gold_gain":0,"player_choice":"Grow","damage_taken":0,"max_hp_gain":0,"max_hp_loss":0,"event_name":"Living Wall","floor":2,"gold_loss":0,"cards_upgraded":["Poisoned Stab"]},{"damage_healed":0,"gold_gain":0,"player_choice":"Gave Potion","damage_taken":0,"relics_obtained":["MawBank"],"max_hp_gain":0,"max_hp_loss":0,"event_name":"WeMeetAgain","floor":4,"gold_loss":0},{"damage_healed":0,"gold_gain":0,"player_choice":"Ignored","damage_taken":0,"max_hp_gain":0,"max_hp_loss":0,"event_name":"Liars Game","floor":13,"gold_loss":0},{"damage_healed":0,"gold_gain":0,"player_choice":"Rummage","damage_taken":0,"relics_obtained":["WarpedTongs"],"max_hp_gain":0,"max_hp_loss":0,"event_name":"Accursed Blacksmith","floor":19,"gold_loss":0,"cards_obtained":["Pain"]},{"cards_removed":["Strike_G"],"damage_healed":0,"gold_gain":0,"player_choice":"Gave Gold","damage_taken":0,"max_hp_gain":0,"max_hp_loss":0,"event_name":"Beggar","floor":21,"gold_loss":75},{"damage_healed":0,"gold_gain":50,"player_choice":"Stole From Cult","damage_taken":0,"max_hp_gain":0,"max_hp_loss":0,"event_name":"Nest","floor":22,"gold_loss":0}],"is_beta":false,"boss_relics":[{"not_picked":["Snecko Eye","SlaversCollar"],"picked":"HoveringKite"}],"items_purged_floors":[7],"is_endless":false,"potions_floor_spawned":[1,5,11,12,14,20,23],"killed_by":"Gremlin Leader","ascension_level":15}