{"gold_per_floor":[16,16,40,40,65,96,96,130,202,245,245,266,38,62,62,158,158,179,81,99,99,99,99,137,137,137,187,201,241,250,279,279,384,411,433,51,70,0,333,342,342,361,361,404,426,426,463,15,24,24],"floor_reached":51,"playtime":2219,"items_purged":["Strike_G","Parasite","Clumsy"],"score":1344,"play_id":"d8f00faf-c221-4aff-8df2-4ae2e00cc535","local_time":"20220410135256","is_ascension_mode":true,"campfire_choices":[{"data":"Calculated Gamble","floor":7.0,"key":"SMITH"},{"data":"Neutralize","floor":15.0,"key":"SMITH"},{"data":"After Image","floor":23.0,"key":"SMITH"},{"data":"Blade Dance","floor":25.0,"key":"SMITH"},{"floor":32.0,"key":"REST"},{"floor":40.0,"key":"REST"},{"data":"Footwork","floor":46,"key":"SMITH"},{"floor":49,"key":"REST"}],"neow_cost":"NO_GOLD","seed_source_timestamp":20391088660400,"circlet_count":0,"master_deck":["AscendersBane","Strike_G+1","Defend_G","Defend_G","Defend_G","Defend_G","Defend_G","Survivor","Neutralize+1","Poisoned Stab+1","Slice","Choke","Calculated Gamble+1","Quick Slash","Dagger Throw","Blade Dance+1","All Out Attack","After Image+1","Backstab","Eviscerate","Escape Plan+1","Prepared","Blur","Noxious Fumes+1","Envenom","Poisoned Stab+1","Backflip+1","Die Die Die+1","Dodge and Roll+1","Footwork+1","Acrobatics","Backflip+1","Caltrops+1","PiercingWail+1","Apotheosis","Malaise","Deflect+1"],"special_seed":0,"relics":["Ring of the Snake","Tough Bandages","WingedGreaves","Dream Catcher","Shuriken","Smiling Mask","Whetstone","Cursed Key","Strawberry","Nunchaku","CeramicFish","Astrolabe","TwistedFunnel","Red Mask","Pocketwatch","Vajra","ClockworkSouvenir"],"potions_floor_usage":[44,50,50],"damage_taken":[{"damage":2.0,"enemies":"Cultist","floor":1.0,"turns":5.0},{"damage":0.0,"enemies":"Small Slimes","floor":3.0,"turns":3.0},{"damage":1.0,"enemies":"2 Louse","floor":5.0,"turns":3.0},{"damage":31.0,"enemies":"Lagavulin","floor":6.0,"turns":9.0},{"damage":10.0,"enemies":"3 Sentries","floor":8.0,"turns":8.0},{"damage":13.0,"enemies":"Gremlin Nob","floor":10.0,"turns":3.0},{"damage":0.0,"enemies":"Large Slime","floor":12.0,"turns":4.0},{"damage":0.0,"enemies":"Exordium Wildlife","floor":14.0,"turns":2.0},{"damage":4.0,"enemies":"Hexaghost","floor":16.0,"turns":7.0},{"damage":5.0,"enemies":"Spheric Guardian","floor":18.0,"turns":3.0},{"damage":3.0,"enemies":"3 Byrds","floor":20.0,"turns":4.0},{"damage":23.0,"enemies":"Book of Stabbing","floor":24.0,"turns":6.0},{"damage":0.0,"enemies":"Centurion and Healer","floor":28.0,"turns":4.0},{"damage":3.0,"enemies":"Gremlin Leader","floor":29.0,"turns":6.0},{"damage":16.0,"enemies":"Snake Plant","floor":31.0,"turns":4.0},{"damage":37.0,"enemies":"Automaton","floor":33.0,"turns":9.0},{"damage":19.0,"enemies":"3 Shapes","floor":35.0,"turns":3.0},{"damage":0.0,"enemies":"Orb Walker","floor":37.0,"turns":4.0},{"damage":3.0,"enemies":"3 Darklings","floor":42.0,"turns":3.0},{"damage":7,"enemies":"Nemesis","floor":44,"turns":9},{"damage":0,"enemies":"Sphere and 2 Shapes","floor":45,"turns":5},{"damage":20,"enemies":"Giant Head","floor":47,"turns":9},{"damage":11,"enemies":"Time Eater","floor":50,"turns":12}],"seed_played":"7119613180378778133","potions_obtained":[{"floor":3.0,"key":"Fruit Juice"},{"floor":5.0,"key":"Fire Potion"},{"floor":12.0,"key":"Poison Potion"},{"floor":16.0,"key":"Weak Potion"},{"floor":24.0,"key":"Weak Potion"},{"floor":28.0,"key":"Energy Potion"},{"floor":31.0,"key":"Block Potion"},{"floor":45,"key":"SpeedPotion"}],"is_trial":false,"path_per_floor":["M","?","M","?","M","E","R","E","T","E","?","M","$","M","R","B",null,"M","$","M","?","T","R","E","R","T","?","M","E","?","M","R","B",null,"M","$","M","?","?","R","?","M","T","E","M","R","E","$","R","B",null],"character_chosen":"THE_SILENT","items_purchased":["Blade Dance","Whetstone","SteroidPotion","Footwork","Strength Potion","TwistedFunnel","LiquidMemories","Apotheosis","Malaise","ClockworkSouvenir"],"campfire_rested":3,"item_purchase_floors":[13,13,19,36,36,36,36,48,48,48],"current_hp_per_floor":[57,57,57,62,61,30,30,20,20,7,23,23,23,23,23,19,54,49,49,46,46,53,53,35,35,35,35,35,32,32,16,38,1,56,37,37,37,37,37,59,59,56,56,49,49,49,29,29,51,40],"gold":24,"neow_bonus":"ONE_RARE_RELIC","is_prod":false,"is_daily":false,"chose_seed":false,"campfire_upgraded":5,"win_rate":0,"timestamp":1649623976,"path_taken":["M","?","M","?","M","E","R","E","T","E","?","M","$","M","R","BOSS","M","$","M","?","?","R","E","R","T","?","M","E","?","M","R","BOSS","M","$","M","?","?","R","?","M","T","E","M","R","E","$","R","BOSS"],"build_version":"2022-03-07","purchased_purges":3,"victory":true,"max_hp_per_floor":[66,60,60,65,65,65,65,65,65,65,65,65,65,65,65,65,65,65,62,62,62,69,69,74,74,74,74,74,74,74,74,74,74,74,74,74,74,74,74,74,74,74,74,74,74,74,74,74,74,74],"relic_stats":{"counters":[23,125],"CeramicFish":144,"Astrolabe":["Poisoned Stab","Backflip","Die Die Die"],"Whetstone":["Poisoned Stab","Strike_G"],"Smiling Mask":150,"Cursed Key":1,"Tough Bandages":[321],"Dream Catcher":3,"Nunchaku":[18],"Shuriken":[64],"WingedGreaves":2,"obtain_stats":[{"TwistedFunnel":36,"Golden Idol":2,"CeramicFish":29,"Astrolabe":34,"Vajra":47,"Whetstone":13,"Smiling Mask":10,"Cursed Key":17,"ClockworkSouvenir":48,"Tough Bandages":0,"Dream Catcher":8,"Nunchaku":24,"Shuriken":9,"Strawberry":22,"WingedGreaves":6,"Red Mask":38,"Ring of the Snake":0,"Pocketwatch":44},{"TwistedFunnel":17,"Golden Idol":1,"CeramicFish":14,"Astrolabe":16,"Vajra":22,"Whetstone":7,"Smiling Mask":6,"Cursed Key":9,"ClockworkSouvenir":22,"Tough Bandages":0,"Dream Catcher":5,"Nunchaku":12,"Shuriken":5,"Strawberry":11,"WingedGreaves":4,"Red Mask":18,"Ring of the Snake":0,"Pocketwatch":20},{"TwistedFunnel":83,"Golden Idol":5,"CeramicFish":67,"Astrolabe":80,"Vajra":113,"Whetstone":35,"Smiling Mask":31,"Cursed Key":44,"ClockworkSouvenir":113,"Tough Bandages":0,"Dream Catcher":28,"Nunchaku":57,"Shuriken":28,"Strawberry":51,"WingedGreaves":20,"Red Mask":87,"Ring of the Snake":0,"Pocketwatch":99}],"Ring of the Snake":[46],"Pocketwatch":[24]},"card_choices":[{"not_picked":["Dodge and Roll","Deadly Poison"],"picked":"Poisoned Stab","floor":1.0},{"not_picked":["Dodge and Roll","PiercingWail"],"picked":"Slice","floor":3.0},{"not_picked":["Accuracy","Deadly Poison"],"picked":"Choke","floor":5.0},{"not_picked":["All Out Attack","Flechettes"],"picked":"Calculated Gamble","floor":6.0},{"not_picked":["Bane","Doppelganger"],"picked":"Quick Slash","floor":8.0},{"not_picked":["Riddle With Holes","Choke","Outmaneuver"],"picked":"SKIP","floor":10.0},{"not_picked":["Dagger Spray","Tactician"],"picked":"Dagger Throw","floor":12.0},{"not_picked":["Quick Slash","Slice"],"picked":"All Out Attack","floor":14.0},{"not_picked":["Venomology","Grand Finale"],"picked":"After Image","floor":16.0},{"not_picked":["Dagger Throw","Deflect"],"picked":"Backstab","floor":18.0},{"not_picked":["Underhanded Strike","Sucker Punch"],"picked":"Eviscerate","floor":20.0},{"not_picked":["Wraith Form v2","Underhanded Strike","Quick Slash"],"picked":"SKIP","floor":24.0},{"not_picked":["Dodge and Roll","Poisoned Stab"],"picked":"Escape Plan+1","floor":28.0},{"not_picked":["Caltrops+1","Backstab+1"],"picked":"Prepared","floor":29.0},{"not_picked":["Deadly Poison","Finisher+1"],"picked":"Noxious Fumes+1","floor":31.0},{"not_picked":["Grand Finale","Night Terror"],"picked":"Envenom","floor":33.0},{"not_picked":["Underhanded Strike","Sucker Punch+1"],"picked":"Dodge and Roll+1","floor":35.0},{"not_picked":["Quick Slash","Concentrate","Poisoned Stab"],"picked":"SKIP","floor":37.0},{"not_picked":["Deadly Poison","Poisoned Stab"],"picked":"Acrobatics","floor":40.0},{"not_picked":["Heel Hook+1","Flying Knee+1","Predator"],"picked":"SKIP","floor":42.0},{"not_picked":["Escape Plan","Deadly Poison"],"picked":"Backflip+1","floor":44},{"not_picked":["Dagger Spray","Predator"],"picked":"Caltrops+1","floor":45},{"not_picked":["Escape Plan+1","All Out Attack+1"],"picked":"PiercingWail+1","floor":47},{"not_picked":["Escape Plan+1","Die Die Die"],"picked":"Deflect+1","floor":49}],"player_experience":5125720,"relics_obtained":[{"floor":6.0,"key":"WingedGreaves"},{"floor":8.0,"key":"Dream Catcher"},{"floor":9.0,"key":"Shuriken"},{"floor":10.0,"key":"Smiling Mask"},{"floor":22.0,"key":"Strawberry"},{"floor":24.0,"key":"Nunchaku"},{"floor":29.0,"key":"CeramicFish"},{"floor":44,"key":"Pocketwatch"},{"floor":47,"key":"Vajra"}],"event_choices":[{"damage_healed":0.0,"max_hp_gain":0.0,"max_hp_loss":6.0,"gold_gain":0.0,"event_name":"Golden Idol","player_choice":"Lose Max HP","floor":2.0,"gold_loss":0.0,"damage_taken":0.0,"relics_obtained":["Golden Idol"]},{"damage_healed":0.0,"max_hp_gain":5.0,"max_hp_loss":0.0,"gold_gain":0.0,"event_name":"Big Fish","player_choice":"Donut","floor":4.0,"gold_loss":0.0,"damage_taken":0.0},{"damage_healed":16.0,"max_hp_gain":0.0,"max_hp_loss":0.0,"gold_gain":0.0,"event_name":"Mushrooms","player_choice":"Healed and dodged fight","floor":11.0,"gold_loss":0.0,"damage_taken":0.0,"cards_obtained":["Parasite"]},{"damage_healed":0.0,"max_hp_gain":0.0,"max_hp_loss":0.0,"gold_gain":0.0,"event_name":"The Mausoleum","player_choice":"Ignored","floor":21.0,"gold_loss":0.0,"damage_taken":0.0},{"damage_healed":0.0,"max_hp_gain":0.0,"max_hp_loss":0.0,"gold_gain":50.0,"event_name":"Nest","player_choice":"Stole From Cult","floor":27.0,"gold_loss":0.0,"damage_taken":0.0},{"damage_healed":0.0,"max_hp_gain":0.0,"max_hp_loss":0.0,"gold_gain":0.0,"event_name":"The Library","player_choice":"Read","floor":30.0,"gold_loss":0.0,"damage_taken":0.0,"cards_obtained":["Blur"]},{"damage_healed":0.0,"max_hp_gain":0.0,"max_hp_loss":0.0,"gold_gain":0.0,"event_name":"Tomb of Lord Red Mask","player_choice":"Paid","floor":38.0,"gold_loss":70.0,"damage_taken":0.0,"relics_obtained":["Red Mask"]},{"damage_healed":0.0,"max_hp_gain":0.0,"max_hp_loss":0.0,"gold_gain":333.0,"event_name":"The Moai Head","player_choice":"Gave Idol","floor":39.0,"relics_lost":["Golden Idol"],"gold_loss":0.0,"damage_taken":0.0},{"damage_healed":0.0,"max_hp_gain":0.0,"max_hp_loss":0.0,"gold_gain":0.0,"event_name":"Mysterious Sphere","player_choice":"Ignored","floor":41.0,"gold_loss":0.0,"damage_taken":0.0}],"is_beta":false,"boss_relics":[{"not_picked":["Runic Dome","SlaversCollar"],"picked":"Cursed Key"},{"not_picked":["SacredBark","Coffee Dripper"],"picked":"Astrolabe"}],"items_purged_floors":[13,19,36],"is_endless":false,"potions_floor_spawned":[3,5,12,16,24,28,31,37,45,47],"ascension_level":15}