{"gold_per_floor":[210,226,206,223,243,275,293,293,317,336,347,362,362,394,394,472,472,488,538,555,429,429,429,443,443,470,502,521,257,257,268,268,341,341,354,373,373,91,102,102,136,136,136,0,0,32,46,72,72,72],"floor_reached":51,"playtime":2548,"items_purged":["Strike_G","Strike_G","Strike_G"],"score":1343,"play_id":"0956dcb3-b411-440a-88c2-14047b27f73d","local_time":"20220420224106","is_ascension_mode":true,"campfire_choices":[{"floor":8.0,"key":"REST"},{"floor":13.0,"key":"REST"},{"data":"Noxious Fumes","floor":15.0,"key":"SMITH"},{"data":"Footwork","floor":23.0,"key":"SMITH"},{"data":"Caltrops","floor":25.0,"key":"SMITH"},{"data":"Catalyst","floor":32.0,"key":"SMITH"},{"data":"Malaise","floor":40.0,"key":"SMITH"},{"data":"Neutralize","floor":42.0,"key":"SMITH"},{"floor":49,"key":"REST"}],"neow_cost":"NONE","seed_source_timestamp":88112963886100,"circlet_count":0,"master_deck":["AscendersBane","Defend_G","Defend_G","Defend_G","Defend_G","Defend_G","Survivor","Neutralize+1","Footwork+1","Quick Slash","Sucker Punch","Noxious Fumes+1","Poisoned Stab","Cloak And Dagger","Dagger Spray","Dodge and Roll","Malaise+1","Calculated Gamble","Blade Dance","Catalyst+1","Caltrops+1","Backflip","Deadly Poison","Sadistic Nature","Dagger Throw","Corpse Explosion","Dodge and Roll+1","Dodge and Roll","Leg Sweep","Well Laid Plans+1"],"special_seed":0,"relics":["Ring of the Serpent","Oddly Smooth Stone","Regal Pillow","Blood Vial","Philosopher\u0027s Stone","Happy Flower","Akabeko","Lee\u0027s Waffle","Orichalcum","Gremlin Horn","Red Mask","Shuriken","PreservedInsect"],"potions_floor_usage":[50],"damage_taken":[{"damage":2.0,"enemies":"Small Slimes","floor":1.0,"turns":4.0},{"damage":3.0,"enemies":"Cultist","floor":2.0,"turns":5.0},{"damage":0.0,"enemies":"Jaw Worm","floor":4.0,"turns":7.0},{"damage":1.0,"enemies":"Looter","floor":5.0,"turns":4.0},{"damage":47.0,"enemies":"Gremlin Nob","floor":6.0,"turns":6.0},{"damage":1.0,"enemies":"Large Slime","floor":7.0,"turns":8.0},{"damage":0.0,"enemies":"Blue Slaver","floor":10.0,"turns":5.0},{"damage":3.0,"enemies":"Exordium Wildlife","floor":11.0,"turns":6.0},{"damage":1.0,"enemies":"2 Fungi Beasts","floor":12.0,"turns":5.0},{"damage":0.0,"enemies":"Lagavulin","floor":14.0,"turns":8.0},{"damage":20.0,"enemies":"Slime Boss","floor":16.0,"turns":12.0},{"damage":2.0,"enemies":"Spheric Guardian","floor":18.0,"turns":6.0},{"damage":7.0,"enemies":"Chosen","floor":20.0,"turns":8.0},{"damage":2.0,"enemies":"Shelled Parasite and Fungi","floor":24.0,"turns":7.0},{"damage":13.0,"enemies":"Book of Stabbing","floor":27.0,"turns":7.0},{"damage":6.0,"enemies":"Snake Plant","floor":28.0,"turns":4.0},{"damage":0.0,"enemies":"Chosen and Byrds","floor":31.0,"turns":5.0},{"damage":13.0,"enemies":"Collector","floor":33.0,"turns":10.0},{"damage":31.0,"enemies":"3 Darklings","floor":35.0,"turns":3.0},{"damage":13.0,"enemies":"3 Shapes","floor":36.0,"turns":4.0},{"damage":0.0,"enemies":"Sphere and 2 Shapes","floor":39.0,"turns":3.0},{"damage":15.0,"enemies":"Giant Head","floor":41.0,"turns":9.0},{"damage":4.0,"enemies":"Nemesis","floor":46.0,"turns":9.0},{"damage":7,"enemies":"3 Darklings","floor":47,"turns":3},{"damage":32,"enemies":"Time Eater","floor":50,"turns":17}],"seed_played":"4560652923387011474","potions_obtained":[{"floor":1.0,"key":"SneckoOil"},{"floor":3.0,"key":"SneckoOil"},{"floor":4.0,"key":"Weak Potion"},{"floor":7.0,"key":"SpeedPotion"},{"floor":12.0,"key":"AttackPotion"},{"floor":16.0,"key":"Weak Potion"},{"floor":20.0,"key":"Ancient Potion"},{"floor":24.0,"key":"GamblersBrew"},{"floor":31.0,"key":"Swift Potion"},{"floor":33.0,"key":"CunningPotion"},{"floor":36.0,"key":"Ancient Potion"},{"floor":47,"key":"FearPotion"}],"is_trial":false,"path_per_floor":["M","M","?","M","M","E","M","R","T","M","M","M","R","E","R","B",null,"M","?","M","$","?","R","M","R","T","E","M","$","?","M","R","B",null,"M","M","?","$","M","R","E","R","T","?","$","E","M","T","R","B",null],"character_chosen":"THE_SILENT","items_purchased":["SteroidPotion","Sadistic Nature","Lee\u0027s Waffle"],"campfire_rested":3,"item_purchase_floors":[21,29,38],"current_hp_per_floor":[57,54,54,54,53,6,5,24,24,24,21,20,54,54,54,36,59,59,59,54,54,54,54,54,54,54,43,39,39,39,41,41,30,57,28,17,17,73,73,73,58,58,58,58,58,56,51,51,73,41],"gold":72,"neow_bonus":"HUNDRED_GOLD","is_prod":false,"is_daily":false,"chose_seed":false,"campfire_upgraded":6,"win_rate":0,"timestamp":1650519666,"path_taken":["M","M","?","M","M","E","M","R","T","?","M","M","R","E","R","BOSS","M","?","M","$","?","R","M","R","T","E","M","$","?","M","R","BOSS","M","M","?","$","M","R","E","R","T","?","?","E","M","?","R","BOSS"],"build_version":"2022-03-07","purchased_purges":3,"victory":true,"max_hp_per_floor":[66,66,66,66,66,66,66,66,66,66,66,66,66,66,66,66,66,66,66,66,66,66,66,66,66,66,66,66,66,66,66,66,66,66,66,66,66,73,73,73,73,73,73,73,73,73,73,73,73,73],"relic_stats":{"Blood Vial":24,"Regal Pillow":16,"Lee\u0027s Waffle":56,"Happy Flower":[24],"Gremlin Horn":[1,1],"counters":[25,165],"Shuriken":[2],"PreservedInsect":0,"Orichalcum":[0],"obtain_stats":[{"Regal Pillow":9,"Lee\u0027s Waffle":38,"Happy Flower":26,"Gremlin Horn":43,"Oddly Smooth Stone":6,"PreservedInsect":48,"Orichalcum":41,"Akabeko":27,"Blood Vial":14,"Shuriken":46,"Philosopher\u0027s Stone":17,"Red Mask":44,"Ring of the Serpent":34,"Ring of the Snake":0},{"Regal Pillow":6,"Lee\u0027s Waffle":20,"Happy Flower":14,"Gremlin Horn":22,"Oddly Smooth Stone":5,"PreservedInsect":24,"Orichalcum":22,"Akabeko":15,"Blood Vial":10,"Shuriken":23,"Philosopher\u0027s Stone":11,"Red Mask":22,"Ring of the Serpent":18,"Ring of the Snake":0},{"Regal Pillow":34,"Lee\u0027s Waffle":124,"Happy Flower":91,"Gremlin Horn":136,"Oddly Smooth Stone":26,"PreservedInsect":148,"Orichalcum":136,"Akabeko":98,"Blood Vial":58,"Shuriken":145,"Philosopher\u0027s Stone":70,"Red Mask":136,"Ring of the Serpent":117,"Ring of the Snake":0}]},"card_choices":[{"not_picked":["Heel Hook","Acrobatics","Distraction"],"picked":"SKIP","floor":1.0},{"not_picked":["Dagger Throw","Prepared"],"picked":"Footwork","floor":2.0},{"not_picked":["Backflip","Calculated Gamble"],"picked":"Quick Slash","floor":4.0},{"not_picked":["Outmaneuver","Quick Slash"],"picked":"Sucker Punch","floor":5.0},{"not_picked":["Backstab","Bullet Time"],"picked":"Noxious Fumes","floor":6.0},{"not_picked":["Deadly Poison","Underhanded Strike"],"picked":"Poisoned Stab","floor":7.0},{"not_picked":["Eviscerate","Outmaneuver"],"picked":"Cloak And Dagger","floor":10.0},{"not_picked":["Prepared","Bane"],"picked":"Dagger Spray","floor":11.0},{"not_picked":["Prepared","Concentrate","Quick Slash"],"picked":"SKIP","floor":12.0},{"not_picked":["Quick Slash","Setup"],"picked":"Dodge and Roll","floor":14.0},{"not_picked":["Doppelganger","Die Die Die"],"picked":"Malaise","floor":16.0},{"not_picked":["Dodge and Roll","Dagger Spray"],"picked":"Calculated Gamble","floor":18.0},{"not_picked":["Slice","Concentrate"],"picked":"Blade Dance","floor":20.0},{"not_picked":["Quick Slash","PiercingWail"],"picked":"Caltrops","floor":24.0},{"not_picked":["Concentrate","Skewer"],"picked":"Backflip","floor":27.0},{"not_picked":["Bane","Setup"],"picked":"Deadly Poison","floor":28.0},{"not_picked":["Slice","Cloak And Dagger","Riddle With Holes+1"],"picked":"SKIP","floor":31.0},{"not_picked":["Unload","Adrenaline"],"picked":"Corpse Explosion","floor":33.0},{"not_picked":["Slice","Infinite Blades+1","Setup"],"picked":"SKIP","floor":35.0},{"not_picked":["Distraction","Flying Knee","Blade Dance"],"picked":"SKIP","floor":36.0},{"not_picked":["Deflect","Choke+1"],"picked":"Dodge and Roll+1","floor":39.0},{"not_picked":["Flying Knee","Quick Slash"],"picked":"Dodge and Roll","floor":41.0},{"not_picked":["After Image","Dodge and Roll"],"picked":"Leg Sweep","floor":46},{"not_picked":["Dagger Spray","Choke"],"picked":"Well Laid Plans+1","floor":47}],"player_experience":5130750,"relics_obtained":[{"floor":6.0,"key":"Oddly Smooth Stone"},{"floor":9.0,"key":"Regal Pillow"},{"floor":14.0,"key":"Blood Vial"},{"floor":26.0,"key":"Happy Flower"},{"floor":27.0,"key":"Akabeko"},{"floor":41.0,"key":"Orichalcum"},{"floor":43.0,"key":"Gremlin Horn"},{"floor":46,"key":"Shuriken"},{"floor":48,"key":"PreservedInsect"}],"event_choices":[{"damage_healed":0.0,"max_hp_gain":0.0,"max_hp_loss":0.0,"gold_gain":0.0,"event_name":"The Woman in Blue","player_choice":"Bought 1 Potion","floor":3.0,"gold_loss":0.0,"damage_taken":0.0},{"damage_healed":0.0,"max_hp_gain":0.0,"max_hp_loss":0.0,"gold_gain":50.0,"event_name":"Nest","player_choice":"Stole From Cult","floor":19.0,"gold_loss":0.0,"damage_taken":0.0},{"damage_healed":0.0,"max_hp_gain":0.0,"max_hp_loss":0.0,"gold_gain":0.0,"event_name":"The Library","player_choice":"Read","floor":22.0,"gold_loss":0.0,"damage_taken":0.0,"cards_obtained":["Catalyst"]},{"damage_healed":0.0,"max_hp_gain":0.0,"max_hp_loss":0.0,"gold_gain":0.0,"cards_transformed":["Strike_G","Strike_G"],"event_name":"Drug Dealer","player_choice":"Became Test Subject","floor":30.0,"gold_loss":0.0,"damage_taken":0.0,"cards_obtained":["Dagger Throw","Bane"]},{"cards_removed":["Bane"],"damage_healed":0.0,"max_hp_gain":0.0,"max_hp_loss":0.0,"gold_gain":0.0,"event_name":"Falling","player_choice":"Removed Attack","floor":37.0,"gold_loss":0.0,"damage_taken":0.0},{"damage_healed":0.0,"max_hp_gain":0.0,"max_hp_loss":0.0,"gold_gain":0.0,"event_name":"Tomb of Lord Red Mask","player_choice":"Paid","floor":44.0,"gold_loss":136.0,"damage_taken":0.0,"relics_obtained":["Red Mask"]}],"is_beta":false,"boss_relics":[{"not_picked":["Tiny House","Runic Pyramid"],"picked":"Philosopher\u0027s Stone"},{"not_picked":["Coffee Dripper","Cursed Key"],"picked":"Ring of the Serpent"}],"items_purged_floors":[21,29,38],"is_endless":false,"potions_floor_spawned":[1,4,7,12,16,20,24,31,33,36,47],"ascension_level":15}