{"gold_per_floor":[14,14,27,27,41,70,70,87,87,119,136,162,162,172,172,250,250,266,0,17,36,47,78,78,112,135,135,152,3,38,57,57,130,130,149,198,198,198,198,231,231,211,211,238,43,43,60,71,71,71],"floor_reached":51,"playtime":2719,"items_purged":["Strike_G","Pain","Strike_G"],"score":1399,"play_id":"6b81e751-5bc9-4a6d-b37d-30fc72914316","local_time":"20220422175910","is_ascension_mode":true,"campfire_choices":[{"data":"Neutralize","floor":7,"key":"SMITH"},{"data":"Blade Dance","floor":15,"key":"SMITH"},{"data":"Backstab","floor":24,"key":"SMITH"},{"data":"Dodge and Roll","floor":27,"key":"SMITH"},{"data":"Leg Sweep","floor":32,"key":"SMITH"},{"data":"Venomology","floor":41,"key":"SMITH"},{"data":"Deadly Poison","floor":46,"key":"SMITH"},{"data":"Backflip","floor":49,"key":"SMITH"}],"neow_cost":"NO_GOLD","seed_source_timestamp":243821902617700,"circlet_count":0,"master_deck":["AscendersBane","Strike_G","Strike_G","Defend_G","Defend_G+1","Defend_G","Defend_G","Survivor+1","Neutralize+1","Poisoned Stab+1","Backstab+1","Adrenaline+1","Blade Dance+1","Well Laid Plans+1","Leg Sweep+1","Slice+1","PiercingWail","Wraith Form v2+1","Deadly Poison+1","Bane+1","Sucker Punch+1","Flying Knee+1","Dodge and Roll+1","Noxious Fumes+1","Dodge and Roll+1","Acrobatics","Venomology+1","Backflip+1","Dagger Spray+1","Footwork+1","Envenom+1"],"special_seed":0,"relics":["Ring of the Snake","Frozen Egg 2","Molten Egg 2","Toy Ornithopter","StrikeDummy","Cursed Key","TwistedFunnel","Snake Skull","Strawberry","Oddly Smooth Stone","Omamori","Black Star","Gambling Chip","War Paint","Pantograph","Incense Burner","Dream Catcher","Shuriken"],"potions_floor_usage":[10,12,16,16,23,25,33,35,36,40,44,48,50,50,50],"damage_taken":[{"damage":0.0,"enemies":"Jaw Worm","floor":1.0,"turns":5.0},{"damage":0.0,"enemies":"2 Louse","floor":3.0,"turns":3.0},{"damage":2,"enemies":"Small Slimes","floor":5,"turns":3},{"damage":18,"enemies":"Gremlin Nob","floor":6,"turns":4},{"damage":0,"enemies":"2 Fungi Beasts","floor":8,"turns":3},{"damage":10,"enemies":"3 Sentries","floor":10,"turns":8},{"damage":1,"enemies":"3 Louse","floor":11,"turns":2},{"damage":5,"enemies":"Gremlin Nob","floor":12,"turns":4},{"damage":0,"enemies":"Gremlin Gang","floor":14,"turns":2},{"damage":3,"enemies":"Slime Boss","floor":16,"turns":7},{"damage":0,"enemies":"Spheric Guardian","floor":18,"turns":4},{"damage":0,"enemies":"3 Byrds","floor":20,"turns":3},{"damage":0,"enemies":"Snake Plant","floor":21,"turns":4},{"damage":0,"enemies":"Centurion and Healer","floor":22,"turns":5},{"damage":6,"enemies":"Book of Stabbing","floor":23,"turns":5},{"damage":6,"enemies":"Slavers","floor":25,"turns":5},{"damage":1,"enemies":"Snecko","floor":28,"turns":4},{"damage":0,"enemies":"Gremlin Leader","floor":30,"turns":6},{"damage":0,"enemies":"Snake Plant","floor":31,"turns":4},{"damage":13,"enemies":"Champ","floor":33,"turns":9},{"damage":9,"enemies":"3 Darklings","floor":35,"turns":5},{"damage":23,"enemies":"2 Orb Walkers","floor":36,"turns":6},{"damage":9,"enemies":"Nemesis","floor":40,"turns":9},{"damage":0,"enemies":"Giant Head","floor":44,"turns":10},{"damage":0,"enemies":"Orb Walker","floor":47,"turns":3},{"damage":1,"enemies":"4 Shapes","floor":48,"turns":5},{"damage":22,"enemies":"Donu and Deca","floor":50,"turns":10}],"seed_played":"2496151457315236776","potions_obtained":[{"floor":3.0,"key":"Dexterity Potion"},{"floor":8,"key":"Poison Potion"},{"floor":10,"key":"Swift Potion"},{"floor":14,"key":"Block Potion"},{"floor":16,"key":"Swift Potion"},{"floor":21,"key":"CunningPotion"},{"floor":22,"key":"DistilledChaos"},{"floor":23,"key":"SpeedPotion"},{"floor":30,"key":"ColorlessPotion"},{"floor":33,"key":"Dexterity Potion"},{"floor":42,"key":"Regen Potion"},{"floor":47,"key":"CultistPotion"}],"is_trial":false,"path_per_floor":["M","?","M","?","M","E","R","M","T","E","M","E","?","M","R","B",null,"M","$","M","M","M","E","R","E","T","R","M","$","E","M","R","B",null,"M","?","?","?","?","E","R","?","T","E","$","R","M","M","R","B",null],"character_chosen":"THE_SILENT","items_purchased":["TwistedFunnel","Bane+1","FearPotion","Footwork+1"],"campfire_rested":0,"item_purchase_floors":[19,19,29,45],"current_hp_per_floor":[59,59,59,59,57,39,39,39,39,29,28,28,8,8,8,15,53,53,53,53,53,53,52,52,58,58,58,57,57,57,57,57,49,67,63,45,45,60,60,56,56,56,56,73,73,73,73,72,72,61],"gold":71,"neow_bonus":"REMOVE_TWO","is_prod":false,"is_daily":false,"chose_seed":false,"campfire_upgraded":8,"win_rate":0,"timestamp":1650675550,"path_taken":["M","?","M","?","M","E","R","M","T","E","M","E","?","M","R","BOSS","M","$","M","M","M","E","R","E","T","R","M","$","E","M","R","BOSS","M","?","?","?","?","E","R","?","T","E","$","R","?","M","R","BOSS"],"build_version":"2022-03-07","purchased_purges":3,"victory":true,"max_hp_per_floor":[66,66,66,66,66,66,66,66,66,66,66,66,66,66,66,66,66,66,66,66,66,66,66,66,73,73,73,73,73,73,73,73,73,73,73,73,73,73,73,73,73,73,73,73,73,73,73,73,73,73],"relic_stats":{"counters":[27,138],"Snake Skull":[125],"Omamori":2,"War Paint":["Dodge and Roll","Adrenaline"],"Cursed Key":2,"Dream Catcher":0,"Shuriken":[9],"Gambling Chip":[15],"Pantograph":1,"Black Star":2,"obtain_stats":[{"TwistedFunnel":19,"Oddly Smooth Stone":26,"Snake Skull":23,"Omamori":30,"Incense Burner":43,"Frozen Egg 2":6,"War Paint":40,"Cursed Key":17,"Dream Catcher":44,"Shuriken":44,"Strawberry":25,"Gambling Chip":36,"Pantograph":40,"Molten Egg 2":9,"Black Star":34,"StrikeDummy":12,"Toy Ornithopter":10,"Ring of the Snake":0},{"TwistedFunnel":11,"Oddly Smooth Stone":16,"Snake Skull":15,"Omamori":18,"Incense Burner":23,"Frozen Egg 2":4,"War Paint":23,"Cursed Key":10,"Dream Catcher":24,"Shuriken":24,"Strawberry":16,"Gambling Chip":22,"Pantograph":23,"Molten Egg 2":5,"Black Star":20,"StrikeDummy":8,"Toy Ornithopter":6,"Ring of the Snake":0},{"TwistedFunnel":45,"Oddly Smooth Stone":67,"Snake Skull":62,"Omamori":77,"Incense Burner":110,"Frozen Egg 2":15,"War Paint":110,"Cursed Key":41,"Dream Catcher":120,"Shuriken":120,"Strawberry":67,"Gambling Chip":101,"Pantograph":110,"Molten Egg 2":18,"Black Star":90,"StrikeDummy":32,"Toy Ornithopter":26,"Ring of the Snake":0}],"Toy Ornithopter":60,"Ring of the Snake":[54]},"card_choices":[{"not_picked":["Slice","Backflip"],"picked":"Poisoned Stab","floor":1.0},{"not_picked":["Crippling Poison","Blur"],"picked":"Backstab","floor":3.0},{"not_picked":["Concentrate","Prepared","Endless Agony"],"picked":"SKIP","floor":5},{"not_picked":["Storm of Steel","Backflip"],"picked":"Adrenaline","floor":6},{"not_picked":["Slice","Dagger Spray"],"picked":"Blade Dance","floor":8},{"not_picked":["Backflip","Distraction"],"picked":"Well Laid Plans+1","floor":10},{"not_picked":["Underhanded Strike+1","Outmaneuver"],"picked":"Leg Sweep","floor":11},{"not_picked":["Dodge and Roll","Phantasmal Killer"],"picked":"Slice+1","floor":12},{"not_picked":["Dagger Spray+1","Deflect"],"picked":"PiercingWail","floor":14},{"not_picked":["Envenom+1","Night Terror"],"picked":"Wraith Form v2+1","floor":16},{"not_picked":["Flying Knee+1","Prepared"],"picked":"Deadly Poison","floor":18},{"not_picked":["Deflect+1","Terror"],"picked":"Sucker Punch+1","floor":20},{"not_picked":["Setup","Prepared","Deadly Poison"],"picked":"SKIP","floor":21},{"not_picked":["Riddle With Holes+1","Eviscerate+1"],"picked":"Flying Knee+1","floor":22},{"not_picked":["Heel Hook+1","Underhanded Strike+1"],"picked":"Dodge and Roll","floor":23},{"not_picked":["Slice+1","Wraith Form v2+1"],"picked":"Noxious Fumes+1","floor":25},{"not_picked":["Underhanded Strike+1","Sucker Punch+1","Prepared"],"picked":"SKIP","floor":28},{"not_picked":["Poisoned Stab+1","Setup"],"picked":"Dodge and Roll","floor":30},{"not_picked":["Deadly Poison","PiercingWail"],"picked":"Acrobatics","floor":31},{"not_picked":["Tools of the Trade+1","Bullet Time"],"picked":"Venomology","floor":33},{"not_picked":["Endless Agony+1","Deadly Poison"],"picked":"Backflip","floor":35},{"not_picked":["Deflect","Deadly Poison"],"picked":"Dagger Spray+1","floor":36},{"not_picked":["Tactician","Endless Agony+1","Deadly Poison"],"picked":"SKIP","floor":40},{"not_picked":["Underhanded Strike+1","Poisoned Stab+1","Acrobatics"],"picked":"SKIP","floor":44},{"not_picked":["Slice+1","PiercingWail","Dagger Spray+1"],"picked":"SKIP","floor":47},{"not_picked":["Cloak And Dagger","Distraction"],"picked":"Envenom+1","floor":48}],"player_experience":5136158,"relics_obtained":[{"floor":6,"key":"Frozen Egg 2"},{"floor":9,"key":"Molten Egg 2"},{"floor":10,"key":"Toy Ornithopter"},{"floor":12,"key":"StrikeDummy"},{"floor":23,"key":"Snake Skull"},{"floor":25,"key":"Strawberry"},{"floor":26,"key":"Oddly Smooth Stone"},{"floor":30,"key":"Omamori"},{"floor":36,"key":"Gambling Chip"},{"floor":40,"key":"War Paint"},{"floor":40,"key":"Pantograph"},{"floor":43,"key":"Incense Burner"},{"floor":44,"key":"Dream Catcher"},{"floor":44,"key":"Shuriken"}],"event_choices":[{"damage_healed":0.0,"max_hp_gain":0.0,"max_hp_loss":0.0,"gold_gain":0.0,"event_name":"Living Wall","player_choice":"Grow","floor":2.0,"gold_loss":0.0,"damage_taken":0.0,"cards_upgraded":["Poisoned Stab"]},{"damage_healed":0,"gold_gain":0,"player_choice":"Fled","damage_taken":0,"max_hp_gain":0,"max_hp_loss":0,"event_name":"Scrap Ooze","floor":4,"gold_loss":0},{"damage_healed":0,"gold_gain":0,"player_choice":"Entered Light","damage_taken":20,"max_hp_gain":0,"max_hp_loss":0,"event_name":"Shining Light","floor":13,"gold_loss":0,"cards_upgraded":["Survivor","Defend_G"]},{"damage_healed":0,"gold_gain":0,"player_choice":"Fight","damage_taken":0,"max_hp_gain":0,"max_hp_loss":0,"event_name":"Mysterious Sphere","floor":36,"gold_loss":0},{"damage_healed":0,"gold_gain":0,"player_choice":"Memory 1","damage_taken":0,"max_hp_gain":0,"max_hp_loss":0,"event_name":"SensoryStone","floor":37,"gold_loss":0},{"damage_healed":15,"gold_gain":0,"player_choice":"Writhe","damage_taken":0,"max_hp_gain":0,"max_hp_loss":0,"event_name":"Winding Halls","floor":38,"gold_loss":0,"cards_obtained":["Writhe"]},{"damage_healed":0,"gold_gain":0,"player_choice":"Ignored","damage_taken":0,"max_hp_gain":0,"max_hp_loss":0,"event_name":"Tomb of Lord Red Mask","floor":39,"gold_loss":0},{"damage_healed":0,"gold_gain":0,"player_choice":"Bought 1 Potion","damage_taken":0,"max_hp_gain":0,"max_hp_loss":0,"event_name":"The Woman in Blue","floor":42,"gold_loss":0}],"is_beta":false,"boss_relics":[{"not_picked":["SlaversCollar","Pandora\u0027s Box"],"picked":"Cursed Key"},{"not_picked":["Fusion Hammer","Snecko Eye"],"picked":"Black Star"}],"items_purged_floors":[19,29,45],"is_endless":false,"potions_floor_spawned":[3,8,10,14,16,21,22,23,30,33,44,47],"ascension_level":15}