{"gold_per_floor":[109,125,136,147,32,32,74,98,174,99,136,48,85,99,99,184,184,211,6,22,22,22,22],"floor_reached":23,"playtime":802,"items_purged":["Strike_G"],"score":369,"play_id":"9a808074-34f2-4cd6-9831-6b6599ec0157","local_time":"20220504204123","is_ascension_mode":true,"campfire_choices":[{"data":"Noxious Fumes","floor":6.0,"key":"SMITH"},{"floor":15.0,"key":"REST"}],"neow_cost":"NONE","seed_source_timestamp":305917097988700,"circlet_count":0,"master_deck":["AscendersBane","Strike_G","Strike_G","Strike_G","Defend_G","Defend_G","Defend_G","Defend_G","Defend_G","Survivor","Neutralize","Dagger Spray","Dagger Spray","Cloak And Dagger","Backstab","Bane","Predator","Dodge and Roll","Corpse Explosion","Phantasmal Killer","Slice","Apotheosis"],"special_seed":0,"relics":["Ring of the Snake","CeramicFish","Ornamental Fan","Shovel","Snake Skull","HoveringKite","Anchor"],"potions_floor_usage":[23],"damage_taken":[{"damage":0.0,"enemies":"Cultist","floor":1.0,"turns":5.0},{"damage":4.0,"enemies":"Small Slimes","floor":2.0,"turns":4.0},{"damage":0.0,"enemies":"2 Louse","floor":3.0,"turns":2.0},{"damage":4.0,"enemies":"Red Slaver","floor":4.0,"turns":4.0},{"damage":15.0,"enemies":"Lagavulin","floor":7.0,"turns":8.0},{"damage":0.0,"enemies":"Blue Slaver","floor":8.0,"turns":4.0},{"damage":29.0,"enemies":"Gremlin Nob","floor":11.0,"turns":4.0},{"damage":6.0,"enemies":"3 Sentries","floor":13.0,"turns":5.0},{"damage":0.0,"enemies":"Looter","floor":14.0,"turns":3.0},{"damage":24.0,"enemies":"Slime Boss","floor":16.0,"turns":8.0},{"damage":2.0,"enemies":"3 Byrds","floor":18.0,"turns":2.0},{"damage":33,"enemies":"2 Thieves","floor":20,"turns":4},{"damage":25,"enemies":"Gremlin Leader","floor":23,"turns":4}],"seed_played":"-5463734652335137252","potions_obtained":[{"floor":0.0,"key":"Fruit Juice"},{"floor":0.0,"key":"Poison Potion"},{"floor":0.0,"key":"AttackPotion"},{"floor":2.0,"key":"Strength Potion"},{"floor":8.0,"key":"Ancient Potion"},{"floor":13.0,"key":"AttackPotion"},{"floor":14.0,"key":"Dexterity Potion"}],"is_trial":false,"path_per_floor":["M","M","M","M","$","R","E","M","T","?","E","$","E","M","R","B",null,"M","$","M","?","$","E"],"character_chosen":"THE_SILENT","items_purchased":["Noxious Fumes","SpeedPotion","Dodge and Roll","Apotheosis","Strength Potion"],"campfire_rested":1,"item_purchase_floors":[5,12,12,19,19],"current_hp_per_floor":[64,60,60,56,56,56,41,41,41,41,12,12,6,6,27,3,54,52,52,19,19,19,0],"gold":22,"neow_bonus":"THREE_SMALL_POTIONS","is_prod":false,"is_daily":false,"chose_seed":false,"campfire_upgraded":1,"win_rate":0,"timestamp":1651722083,"path_taken":["M","?","M","M","$","R","E","M","T","?","E","$","E","M","R","BOSS","M","$","M","?","?","E"],"build_version":"2022-03-07","purchased_purges":1,"victory":false,"max_hp_per_floor":[71,71,71,71,71,71,71,71,71,71,71,71,71,71,71,71,71,71,71,71,71,71,71],"relic_stats":{"Shovel":0,"counters":[13,57],"Ornamental Fan":[24],"CeramicFish":72,"HoveringKite":[1],"Snake Skull":[16],"obtain_stats":[{"Anchor":21,"Shovel":11,"Ornamental Fan":9,"CeramicFish":7,"HoveringKite":17,"Snake Skull":13,"Ring of the Snake":0},{"Anchor":12,"Shovel":7,"Ornamental Fan":6,"CeramicFish":5,"HoveringKite":10,"Snake Skull":8,"Ring of the Snake":0},{"Anchor":53,"Shovel":31,"Ornamental Fan":27,"CeramicFish":23,"HoveringKite":47,"Snake Skull":36,"Ring of the Snake":0}],"Ring of the Snake":[26]},"card_choices":[{"not_picked":["Flying Knee","Setup"],"picked":"Dagger Spray","floor":1.0},{"not_picked":["Backflip","Prepared"],"picked":"Dagger Spray","floor":2.0},{"not_picked":["Deadly Poison","Bane","Distraction"],"picked":"SKIP","floor":3.0},{"not_picked":["Backflip","Riddle With Holes"],"picked":"Cloak And Dagger","floor":4.0},{"not_picked":["Storm of Steel","Poisoned Stab"],"picked":"Backstab","floor":7.0},{"not_picked":["Bouncing Flask","Acrobatics"],"picked":"Bane","floor":8.0},{"not_picked":["PiercingWail","Underhanded Strike"],"picked":"Predator","floor":11.0},{"not_picked":["Blade Dance","Crippling Poison"],"picked":"Corpse Explosion","floor":13.0},{"not_picked":["Deadly Poison","Outmaneuver","Prepared"],"picked":"SKIP","floor":14.0},{"not_picked":["Burst","Doppelganger"],"picked":"Phantasmal Killer","floor":16.0},{"not_picked":["Bane","Tactician"],"picked":"Slice","floor":18.0},{"not_picked":["Cloak And Dagger","Skewer","Sucker Punch"],"picked":"SKIP","floor":20}],"player_experience":5145035,"relics_obtained":[{"floor":7.0,"key":"CeramicFish"},{"floor":9.0,"key":"Ornamental Fan"},{"floor":11.0,"key":"Shovel"},{"floor":13.0,"key":"Snake Skull"}],"event_choices":[{"cards_removed":["Strike_G"],"damage_healed":0.0,"max_hp_gain":0.0,"max_hp_loss":0.0,"gold_gain":0.0,"event_name":"The Cleric","player_choice":"Card Removal","floor":10.0,"gold_loss":75.0,"damage_taken":0.0},{"cards_removed":["Noxious Fumes"],"damage_healed":0,"gold_gain":0,"player_choice":"Gave Card","damage_taken":0,"relics_obtained":["Anchor"],"max_hp_gain":0,"max_hp_loss":0,"event_name":"WeMeetAgain","floor":21,"gold_loss":0}],"is_beta":false,"boss_relics":[{"not_picked":["Busted Crown","Velvet Choker"],"picked":"HoveringKite"}],"items_purged_floors":[5],"is_endless":false,"potions_floor_spawned":[2,8,13,14],"killed_by":"Gremlin Leader","ascension_level":15}