{"gold_per_floor":[115,132,207,221,221,251,251,30,76,110,110,35,69,89,89,165,165,182,232,3,20,32,32,65,65,136,148,148,159,169,182,182,256,256,269,289,86,112,125,125,156,170,170,188,188,198,198,230,230,230],"floor_reached":51,"playtime":2409,"items_purged":["Strike_G","Strike_G"],"score":1405,"play_id":"76b7878a-578c-4a15-8404-c269d6924add","local_time":"20220802183404","is_ascension_mode":true,"campfire_choices":[{"floor":7.0,"key":"REST"},{"data":"Sucker Punch","floor":11.0,"key":"SMITH"},{"data":"Dagger Throw","floor":15.0,"key":"SMITH"},{"data":"Bouncing Flask","floor":23.0,"key":"SMITH"},{"data":"Deadly Poison","floor":25.0,"key":"SMITH"},{"data":"Flechettes","floor":28.0,"key":"SMITH"},{"floor":32.0,"key":"REST"},{"data":"Malaise","floor":40.0,"key":"SMITH"},{"floor":45,"key":"REST"},{"data":"Footwork","floor":47,"key":"SMITH"},{"floor":49,"key":"REST"}],"neow_cost":"NONE","seed_source_timestamp":113351526148600,"circlet_count":0,"master_deck":["AscendersBane","Strike_G","Strike_G","Defend_G+1","Defend_G+1","Defend_G","Defend_G","Defend_G","Survivor","Neutralize+1","Noxious Fumes+1","Dagger Throw+1","Masterful Stab","Cloak And Dagger","Sucker Punch+1","Calculated Gamble","Quick Slash+1","Adrenaline","Bouncing Flask+1","Deadly Poison+1","Dodge and Roll","PiercingWail","Flechettes+1","Footwork+1","Well Laid Plans+1","Dagger Spray+1","Malaise+1","Backflip","Backflip","Backflip","Dodge and Roll","Adrenaline"],"special_seed":0,"relics":["Ring of the Snake","War Paint","Tiny Chest","Lantern","Bag of Marbles","Bottled Lightning","Ancient Tea Set","Philosopher\u0027s Stone","Oddly Smooth Stone","Whetstone","Question Card","Black Star","MealTicket","Turnip","Mummified Hand","Blue Candle","Tingsha","Vajra"],"potions_floor_usage":[46,50,50],"damage_taken":[{"damage":1.0,"enemies":"Jaw Worm","floor":1.0,"turns":4.0},{"damage":0.0,"enemies":"2 Louse","floor":2.0,"turns":4.0},{"damage":0.0,"enemies":"Cultist","floor":4.0,"turns":4.0},{"damage":14.0,"enemies":"Lagavulin","floor":6.0,"turns":6.0},{"damage":4.0,"enemies":"3 Sentries","floor":10.0,"turns":6.0},{"damage":1.0,"enemies":"Gremlin Nob","floor":13.0,"turns":4.0},{"damage":0.0,"enemies":"2 Fungi Beasts","floor":14.0,"turns":2.0},{"damage":2.0,"enemies":"Hexaghost","floor":16.0,"turns":10.0},{"damage":7.0,"enemies":"Shell Parasite","floor":18.0,"turns":5.0},{"damage":0.0,"enemies":"Chosen","floor":21.0,"turns":4.0},{"damage":5.0,"enemies":"Snecko","floor":22.0,"turns":4.0},{"damage":0.0,"enemies":"Slavers","floor":24.0,"turns":5.0},{"damage":0.0,"enemies":"Snake Plant","floor":27.0,"turns":3.0},{"damage":9.0,"enemies":"Shelled Parasite and Fungi","floor":29.0,"turns":5.0},{"damage":5.0,"enemies":"Centurion and Healer","floor":30.0,"turns":5.0},{"damage":5.0,"enemies":"Snecko","floor":31.0,"turns":3.0},{"damage":40.0,"enemies":"Collector","floor":33.0,"turns":8.0},{"damage":6.0,"enemies":"Orb Walker","floor":35.0,"turns":3.0},{"damage":0.0,"enemies":"3 Shapes","floor":36.0,"turns":2.0},{"damage":3.0,"enemies":"Spire Growth","floor":39.0,"turns":8.0},{"damage":0.0,"enemies":"Reptomancer","floor":41.0,"turns":6.0},{"damage":19.0,"enemies":"3 Darklings","floor":42.0,"turns":6.0},{"damage":5,"enemies":"Jaw Worm Horde","floor":44,"turns":5},{"damage":0,"enemies":"Transient","floor":46,"turns":5},{"damage":0,"enemies":"Nemesis","floor":48,"turns":7},{"damage":17,"enemies":"Donu and Deca","floor":50,"turns":10}],"seed_played":"-6327243986118478998","potions_obtained":[{"floor":1.0,"key":"Dexterity Potion"},{"floor":6.0,"key":"Ancient Potion"},{"floor":16.0,"key":"Poison Potion"},{"floor":21.0,"key":"DistilledChaos"},{"floor":22.0,"key":"Fire Potion"},{"floor":24.0,"key":"Weak Potion"},{"floor":36.0,"key":"SmokeBomb"},{"floor":41.0,"key":"FearPotion"},{"floor":48,"key":"BlessingOfTheForge"}],"is_trial":false,"path_per_floor":["M","M","?","M","?","E","R","$","T","E","R","?","E","M","R","B",null,"M","?","$","M","M","R","E","R","T","M","R","M","M","M","R","B",null,"M","M","$","T","M","R","E","M","T","M","R","M","R","E","R","B",null],"character_chosen":"THE_SILENT","items_purchased":["Lantern","SteroidPotion","Sucker Punch","Oddly Smooth Stone","Backflip","Poison Potion"],"campfire_rested":4,"item_purchase_floors":[8,8,8,20,37,37],"current_hp_per_floor":[58,58,47,47,47,33,52,52,52,48,48,48,47,47,47,45,61,54,54,54,54,49,49,49,49,49,49,49,40,35,30,49,9,52,46,46,46,46,43,43,43,24,24,19,38,38,38,38,57,40],"gold":230,"neow_bonus":"RANDOM_COMMON_RELIC","is_prod":false,"is_daily":false,"chose_seed":false,"campfire_upgraded":7,"win_rate":0,"timestamp":1659490444,"path_taken":["M","M","?","M","?","E","R","$","T","E","R","?","E","M","R","BOSS","M","?","$","M","M","R","E","R","T","M","R","M","?","M","R","BOSS","M","M","$","?","M","R","E","M","T","M","R","M","R","E","R","BOSS"],"build_version":"2022-03-07","purchased_purges":2,"victory":true,"max_hp_per_floor":[66,66,66,66,66,66,66,66,66,66,66,66,66,66,66,66,66,66,66,66,66,66,66,66,66,66,66,66,66,66,66,66,66,66,66,66,66,66,66,66,66,66,66,66,66,66,66,66,66,66],"relic_stats":{"counters":[26,134],"Blue Candle":[0],"Tingsha":[6],"Whetstone":["Neutralize","Quick Slash"],"War Paint":["Defend_G","Defend_G"],"Ancient Tea Set":[18],"Question Card":13,"Mummified Hand":[15],"Tiny Chest":1,"MealTicket":0,"Turnip":[0],"Black Star":2,"Bottled Lightning":"Calculated Gamble","obtain_stats":[{"Lantern":8,"Blue Candle":43,"Oddly Smooth Stone":20,"Vajra":48,"Tingsha":48,"Whetstone":24,"War Paint":0,"Ancient Tea Set":13,"Question Card":26,"Mummified Hand":41,"Tiny Chest":6,"Philosopher\u0027s Stone":17,"MealTicket":38,"Turnip":41,"Bag of Marbles":9,"Black Star":34,"Bottled Lightning":10,"Ring of the Snake":0},{"Lantern":4,"Blue Candle":22,"Oddly Smooth Stone":9,"Vajra":25,"Tingsha":25,"Whetstone":12,"War Paint":0,"Ancient Tea Set":6,"Question Card":12,"Mummified Hand":21,"Tiny Chest":4,"Philosopher\u0027s Stone":8,"MealTicket":19,"Turnip":21,"Bag of Marbles":4,"Black Star":17,"Bottled Lightning":5,"Ring of the Snake":0},{"Lantern":18,"Blue Candle":107,"Oddly Smooth Stone":45,"Vajra":124,"Tingsha":124,"Whetstone":58,"War Paint":0,"Ancient Tea Set":28,"Question Card":58,"Mummified Hand":101,"Tiny Chest":18,"Philosopher\u0027s Stone":40,"MealTicket":87,"Turnip":101,"Bag of Marbles":18,"Black Star":82,"Bottled Lightning":24,"Ring of the Snake":0}],"Ring of the Snake":[52]},"card_choices":[{"not_picked":["Blade Dance","Deadly Poison"],"picked":"Noxious Fumes","floor":1.0},{"not_picked":["Quick Slash","Underhanded Strike"],"picked":"Dagger Throw","floor":2.0},{"not_picked":["Concentrate","Prepared"],"picked":"Masterful Stab","floor":4.0},{"not_picked":["Infinite Blades","Dagger Throw"],"picked":"Cloak And Dagger","floor":6.0},{"not_picked":["Acrobatics","Prepared"],"picked":"Calculated Gamble","floor":10.0},{"not_picked":["Riddle With Holes","Finisher","Night Terror"],"picked":"SKIP","floor":13.0},{"not_picked":["Masterful Stab","Sucker Punch"],"picked":"Quick Slash","floor":14.0},{"not_picked":["Glass Knife","Tools of the Trade"],"picked":"Adrenaline","floor":16.0},{"not_picked":["Dash","Sucker Punch"],"picked":"Bouncing Flask","floor":18.0},{"not_picked":["Cloak And Dagger","Dash"],"picked":"Deadly Poison","floor":21.0},{"not_picked":["Dash","Dagger Throw"],"picked":"Dodge and Roll","floor":22.0},{"not_picked":["Bane","Cloak And Dagger"],"picked":"PiercingWail","floor":24.0},{"not_picked":["Quick Slash","Deadly Poison","Sucker Punch"],"picked":"Flechettes","floor":27.0},{"not_picked":["Venomology","Prepared","Tactician"],"picked":"Footwork","floor":29.0},{"not_picked":["Deflect","Blade Dance","Outmaneuver"],"picked":"Well Laid Plans+1","floor":30.0},{"not_picked":["Deadly Poison","Acrobatics","Bane"],"picked":"Dagger Spray+1","floor":31.0},{"not_picked":["Die Die Die","Envenom","Unload"],"picked":"Malaise","floor":33.0},{"not_picked":["Underhanded Strike","Predator","Deadly Poison","Quick Slash+1"],"picked":"SKIP","floor":35.0},{"not_picked":["Poisoned Stab","Concentrate","Bane+1"],"picked":"Backflip","floor":36.0},{"not_picked":["Terror","Deadly Poison","Cloak And Dagger","Prepared"],"picked":"SKIP","floor":39.0},{"not_picked":["Dagger Spray","Unload","Blade Dance+1"],"picked":"Backflip","floor":41.0},{"not_picked":["Prepared","Backflip","Dagger Spray"],"picked":"Dodge and Roll","floor":42.0},{"not_picked":["Slice","Terror+1","Infinite Blades","Calculated Gamble"],"picked":"SKIP","floor":44},{"not_picked":["Deflect","PiercingWail","Setup+1"],"picked":"Adrenaline","floor":46},{"not_picked":["Sucker Punch+1","Setup","Poisoned Stab+1","Concentrate"],"picked":"SKIP","floor":48}],"player_experience":5178357,"relics_obtained":[{"floor":6.0,"key":"Tiny Chest"},{"floor":9.0,"key":"Bag of Marbles"},{"floor":10.0,"key":"Bottled Lightning"},{"floor":13.0,"key":"Ancient Tea Set"},{"floor":24.0,"key":"Whetstone"},{"floor":26.0,"key":"Question Card"},{"floor":38.0,"key":"MealTicket"},{"floor":41.0,"key":"Turnip"},{"floor":41.0,"key":"Mummified Hand"},{"floor":43.0,"key":"Blue Candle"},{"floor":48,"key":"Tingsha"},{"floor":48,"key":"Vajra"}],"event_choices":[{"damage_healed":0.0,"max_hp_gain":0.0,"max_hp_loss":0.0,"gold_gain":75.0,"event_name":"World of Goop","player_choice":"Gather Gold","floor":3.0,"gold_loss":0.0,"damage_taken":11.0},{"damage_healed":0.0,"max_hp_gain":0.0,"max_hp_loss":0.0,"gold_gain":0.0,"event_name":"Living Wall","player_choice":"Grow","floor":5.0,"gold_loss":0.0,"damage_taken":0.0,"cards_upgraded":["Noxious Fumes"]},{"cards_removed":["Strike_G"],"damage_healed":0.0,"max_hp_gain":0.0,"max_hp_loss":0.0,"gold_gain":0.0,"event_name":"The Cleric","player_choice":"Card Removal","floor":12.0,"gold_loss":75.0,"damage_taken":0.0},{"damage_healed":0.0,"max_hp_gain":0.0,"max_hp_loss":0.0,"gold_gain":100.0,"event_name":"The Joust","player_choice":"Bet on Murderer","floor":19.0,"gold_loss":50.0,"damage_taken":0.0}],"is_beta":false,"boss_relics":[{"not_picked":["Runic Dome","SacredBark"],"picked":"Philosopher\u0027s Stone"},{"not_picked":["Snecko Eye","Calling Bell"],"picked":"Black Star"}],"items_purged_floors":[20,37],"is_endless":false,"potions_floor_spawned":[1,6,16,21,22,24,30,36,41,48],"ascension_level":15}