{"gold_per_floor":[119,119,135,151,39,39,74,74,152,191,191,205,205,245,245,245],"floor_reached":16,"playtime":664,"items_purged":["Strike_G"],"score":250,"play_id":"5d246479-3ca5-4c85-a055-3297d8222dbb","local_time":"20220801140915","is_ascension_mode":true,"campfire_choices":[{"data":"All Out Attack","floor":6,"key":"SMITH"},{"data":"Blade Dance","floor":8,"key":"SMITH"},{"floor":13,"key":"REST"},{"data":"Leg Sweep","floor":15,"key":"SMITH"}],"neow_cost":"PERCENT_DAMAGE","seed_source_timestamp":13186201774000,"circlet_count":0,"master_deck":["AscendersBane","Strike_G","Strike_G","Strike_G","Defend_G","Defend_G","Defend_G","Defend_G","Defend_G","Survivor","Neutralize","Blade Dance+1","Leg Sweep+1","Sucker Punch","All Out Attack+1","Dodge and Roll","Blade Dance","Masterful Stab"],"relics":["Ring of the Snake","Golden Idol","Omamori","White Beast Statue","Frozen Egg 2","Tiny Chest"],"potions_floor_usage":[10,14,16],"damage_taken":[{"damage":4,"enemies":"Jaw Worm","floor":1,"turns":6},{"damage":0,"enemies":"Small Slimes","floor":3,"turns":3},{"damage":2,"enemies":"Cultist","floor":4,"turns":4},{"damage":15,"enemies":"3 Sentries","floor":7,"turns":6},{"damage":33,"enemies":"Lagavulin","floor":10,"turns":8},{"damage":0,"enemies":"Large Slime","floor":12,"turns":4},{"damage":0,"enemies":"Gremlin Nob","floor":14,"turns":3},{"damage":24,"enemies":"Hexaghost","floor":16,"turns":11}],"seed_played":"6965091147217957742","potions_obtained":[{"floor":3,"key":"SneckoOil"},{"floor":10,"key":"SteroidPotion"},{"floor":12,"key":"SteroidPotion"},{"floor":14,"key":"Fire Potion"}],"is_trial":false,"path_per_floor":["M","?","M","M","$","R","E","R","T","E","?","M","R","E","R","B"],"character_chosen":"THE_SILENT","items_purchased":["All Out Attack"],"campfire_rested":1,"item_purchase_floors":[5],"current_hp_per_floor":[52,52,52,50,50,50,35,35,35,2,2,2,23,23,23,0],"gold":245,"neow_bonus":"TWENTY_PERCENT_HP_BONUS","is_prod":false,"is_daily":false,"chose_seed":false,"campfire_upgraded":3,"win_rate":0,"timestamp":1659388155,"path_taken":["M","?","M","M","$","R","E","R","T","E","?","M","R","E","R","BOSS"],"build_version":"2022-03-07","purchased_purges":1,"victory":false,"max_hp_per_floor":[78,71,71,71,71,71,71,71,71,71,71,71,71,71,71,71],"relic_stats":{"counters":[8,45],"Golden Idol":32,"Tiny Chest":0,"Omamori":0,"obtain_stats":[{"Golden Idol":2,"Tiny Chest":14,"Omamori":7,"Frozen Egg 2":10,"White Beast Statue":9,"Ring of the Snake":0},{"Golden Idol":1,"Tiny Chest":7,"Omamori":4,"Frozen Egg 2":5,"White Beast Statue":4,"Ring of the Snake":0},{"Golden Idol":6,"Tiny Chest":34,"Omamori":19,"Frozen Egg 2":27,"White Beast Statue":19,"Ring of the Snake":0}],"White Beast Statue":[0.0,0.0,0.0,0.12000000000000002,0.0,0.5280000000000001,0.0,0.32800000000000007,0.0,0.024000000000000007,0.0,1.7440000000000002],"Ring of the Snake":[16]},"card_choices":[{"not_picked":["Outmaneuver","Dagger Throw"],"picked":"Blade Dance","floor":1},{"not_picked":["Dagger Throw","Masterful Stab"],"picked":"Leg Sweep","floor":3},{"not_picked":["Calculated Gamble","Escape Plan"],"picked":"Sucker Punch","floor":4},{"not_picked":["Concentrate","Bane"],"picked":"Dodge and Roll","floor":7},{"not_picked":["Setup","Finisher"],"picked":"Blade Dance","floor":10},{"not_picked":["All Out Attack","Eviscerate","Deadly Poison"],"picked":"SKIP","floor":12},{"not_picked":["Dodge and Roll","Flying Knee"],"picked":"Masterful Stab","floor":14}],"player_experience":5171983,"relics_obtained":[{"floor":7,"key":"Omamori"},{"floor":9,"key":"White Beast Statue"},{"floor":10,"key":"Frozen Egg 2"},{"floor":14,"key":"Tiny Chest"}],"event_choices":[{"damage_healed":0,"gold_gain":0,"player_choice":"Lose Max HP","damage_taken":0,"relics_obtained":["Golden Idol"],"max_hp_gain":0,"max_hp_loss":7,"event_name":"Golden Idol","floor":2,"gold_loss":0},{"cards_removed":["Strike_G"],"damage_healed":0,"gold_gain":0,"player_choice":"Forget","damage_taken":0,"max_hp_gain":0,"max_hp_loss":0,"event_name":"Living Wall","floor":11,"gold_loss":0}],"is_beta":false,"boss_relics":[],"items_purged_floors":[5],"is_endless":false,"potions_floor_spawned":[3,10,12,14],"killed_by":"Hexaghost","ascension_level":15}