{"gold_per_floor":[110,126,143,143,143,183,183,108,135,135,169,169,27,27,27,122,122,141,41,60,60,77,106,106,118,118,118,135,146,173,184,184,258,258,278,290,245,259,259,294,294,294],"floor_reached":42,"playtime":1637,"items_purged":["Strike_G","Strike_G"],"score":833,"play_id":"a2e4cef8-6e51-4920-9e31-cc80887d0472","local_time":"20220803185400","is_ascension_mode":true,"campfire_choices":[{"floor":7.0,"key":"REST"},{"data":"Neutralize","floor":10.0,"key":"SMITH"},{"data":"Dagger Spray","floor":12.0,"key":"SMITH"},{"data":"Die Die Die","floor":15.0,"key":"SMITH"},{"floor":24.0,"key":"REST"},{"data":"Envenom","floor":27.0,"key":"SMITH"},{"floor":32,"key":"REST"},{"floor":41,"key":"REST"}],"neow_cost":"NONE","seed_source_timestamp":40532665847500,"circlet_count":0,"master_deck":["AscendersBane","Survivor","Neutralize+1","Footwork","Quick Slash","Dagger Spray+1","Predator","Deadly Poison","Die Die Die+1","Dagger Throw","Envenom+1","Flying Knee+1","Bane+1","Cloak And Dagger","Catalyst","Escape Plan","Terror","PiercingWail","Backflip+1","Die Die Die","Footwork","Prepared","PiercingWail","Endless Agony","Deadly Poison","Riddle With Holes","Phantasmal Killer","Backflip","Blade Dance","Cloak And Dagger","Backflip","Tactician+1"],"special_seed":0,"relics":["Ring of the Snake","Happy Flower","Bloody Idol","Orichalcum","Anchor","Akabeko","Cursed Key","Omamori","Ginger","Boot","Pandora\u0027s Box","Strawberry"],"potions_floor_usage":[33,38,40],"damage_taken":[{"damage":0.0,"enemies":"2 Louse","floor":1.0,"turns":4.0},{"damage":0.0,"enemies":"Jaw Worm","floor":2.0,"turns":6.0},{"damage":2.0,"enemies":"Small Slimes","floor":3.0,"turns":6.0},{"damage":21.0,"enemies":"Lagavulin","floor":6.0,"turns":9.0},{"damage":11.0,"enemies":"Gremlin Nob","floor":11.0,"turns":4.0},{"damage":15.0,"enemies":"Slime Boss","floor":16.0,"turns":10.0},{"damage":0.0,"enemies":"Chosen","floor":18.0,"turns":3.0},{"damage":2.0,"enemies":"2 Thieves","floor":20.0,"turns":4.0},{"damage":6.0,"enemies":"3 Cultists","floor":22.0,"turns":3.0},{"damage":21.0,"enemies":"Gremlin Leader","floor":23.0,"turns":8.0},{"damage":12.0,"enemies":"Centurion and Healer","floor":25.0,"turns":6.0},{"damage":13.0,"enemies":"Snecko","floor":28.0,"turns":3.0},{"damage":0.0,"enemies":"3 Cultists","floor":29.0,"turns":4.0},{"damage":9.0,"enemies":"Slavers","floor":30.0,"turns":3.0},{"damage":0,"enemies":"Chosen and Byrds","floor":31,"turns":4},{"damage":42,"enemies":"Collector","floor":33,"turns":7},{"damage":7,"enemies":"Orb Walker","floor":35,"turns":3},{"damage":9,"enemies":"3 Darklings","floor":36,"turns":4},{"damage":25,"enemies":"Spire Growth","floor":38,"turns":6},{"damage":22,"enemies":"Reptomancer","floor":40,"turns":4},{"damage":66,"enemies":"Nemesis","floor":42,"turns":4}],"seed_played":"1372228177721008496","potions_obtained":[{"floor":3.0,"key":"Poison Potion"},{"floor":6.0,"key":"SteroidPotion"},{"floor":11.0,"key":"DistilledChaos"},{"floor":20.0,"key":"GamblersBrew"},{"floor":22.0,"key":"SkillPotion"},{"floor":25.0,"key":"PowerPotion"},{"floor":33,"key":"Dexterity Potion"},{"floor":40,"key":"Dexterity Potion"}],"is_trial":false,"path_per_floor":["M","M","M","?","?","E","R","$","T","R","E","R","$","?","R","B",null,"M","$","M","?","M","E","R","M","T","R","M","M","E","M","R","B",null,"M","M","$","M","?","E","R","E"],"character_chosen":"THE_SILENT","items_purchased":["Die Die Die","Backflip"],"campfire_rested":4,"item_purchase_floors":[13,37],"current_hp_per_floor":[65,65,63,37,37,16,35,35,35,35,24,24,24,24,24,9,51,51,51,49,49,48,32,51,44,44,44,36,41,37,42,61,24,55,53,49,49,29,29,19,40,0],"gold":294,"neow_bonus":"TEN_PERCENT_HP_BONUS","is_prod":false,"is_daily":false,"chose_seed":false,"campfire_upgraded":4,"win_rate":0,"timestamp":1659578040,"path_taken":["M","M","M","?","?","E","R","$","T","R","E","R","$","?","R","BOSS","M","$","?","?","M","E","R","M","T","R","M","M","E","M","R","BOSS","M","M","$","M","?","E","R","E"],"build_version":"2022-03-07","purchased_purges":2,"victory":false,"max_hp_per_floor":[72,72,72,72,65,65,65,65,65,65,65,65,65,65,65,65,65,65,65,65,65,65,65,65,65,65,65,65,65,65,65,65,65,65,65,65,65,65,65,72,72,72],"relic_stats":{"Happy Flower":[29],"counters":[21,105],"Bloody Idol":60,"Pandora\u0027s Box":["Footwork","Prepared","PiercingWail","Endless Agony","Deadly Poison","Riddle With Holes","Phantasmal Killer","Backflip"],"Omamori":1,"Ginger":[5],"Orichalcum":[132],"Cursed Key":1,"Boot":[43],"obtain_stats":[{"Happy Flower":4,"Golden Idol":5,"Omamori":23,"Ginger":26,"Orichalcum":6,"Cursed Key":17,"Boot":30,"Akabeko":11,"Anchor":9,"Bloody Idol":21,"Strawberry":40,"Pandora\u0027s Box":34,"Ring of the Snake":0},{"Happy Flower":3,"Golden Idol":3,"Omamori":10,"Ginger":11,"Orichalcum":4,"Cursed Key":6,"Boot":14,"Akabeko":5,"Anchor":4,"Bloody Idol":8,"Strawberry":20,"Pandora\u0027s Box":16,"Ring of the Snake":0},{"Happy Flower":16,"Golden Idol":16,"Omamori":57,"Ginger":63,"Orichalcum":25,"Cursed Key":39,"Boot":73,"Akabeko":29,"Anchor":25,"Bloody Idol":46,"Strawberry":101,"Pandora\u0027s Box":84,"Ring of the Snake":0}],"Ring of the Snake":[42]},"card_choices":[{"not_picked":["Backflip","PiercingWail"],"picked":"Footwork","floor":1.0},{"not_picked":["Footwork","Slice"],"picked":"Quick Slash","floor":2.0},{"not_picked":["Prepared","Backflip"],"picked":"Dagger Spray","floor":3.0},{"not_picked":["Dagger Throw","Finisher"],"picked":"Predator","floor":6.0},{"not_picked":["Bouncing Flask","Flechettes"],"picked":"Deadly Poison","floor":11.0},{"not_picked":["Bullet Time","Unload"],"picked":"Envenom","floor":16.0},{"not_picked":["Deadly Poison","Crippling Poison"],"picked":"Flying Knee+1","floor":18.0},{"not_picked":["Deadly Poison","Quick Slash"],"picked":"Bane+1","floor":20.0},{"not_picked":["Concentrate","Quick Slash"],"picked":"Cloak And Dagger","floor":22.0},{"not_picked":["Outmaneuver","Terror+1"],"picked":"Catalyst","floor":23.0},{"not_picked":["Deflect","Outmaneuver"],"picked":"Escape Plan","floor":25.0},{"not_picked":["Tactician","Quick Slash","Predator"],"picked":"SKIP","floor":28.0},{"not_picked":["Dagger Throw","Distraction"],"picked":"Terror","floor":29.0},{"not_picked":["Caltrops","Unload"],"picked":"PiercingWail","floor":30.0},{"not_picked":["Sucker Punch","Bouncing Flask"],"picked":"Backflip+1","floor":31},{"not_picked":["Night Terror","Tools of the Trade"],"picked":"Die Die Die","floor":33},{"not_picked":["Slice+1","Caltrops"],"picked":"Blade Dance","floor":35},{"not_picked":["Well Laid Plans","Accuracy"],"picked":"Cloak And Dagger","floor":36},{"not_picked":["Reflex+1","Choke"],"picked":"Tactician+1","floor":38},{"not_picked":["Bane+1","Dagger Spray","Underhanded Strike"],"picked":"SKIP","floor":40}],"player_experience":5186988,"relics_obtained":[{"floor":6.0,"key":"Orichalcum"},{"floor":9.0,"key":"Anchor"},{"floor":11.0,"key":"Akabeko"},{"floor":23.0,"key":"Omamori"},{"floor":26.0,"key":"Ginger"},{"floor":30.0,"key":"Boot"},{"floor":40,"key":"Strawberry"}],"event_choices":[{"damage_healed":0.0,"max_hp_gain":0.0,"max_hp_loss":0.0,"gold_gain":0.0,"event_name":"Scrap Ooze","player_choice":"Success","floor":4.0,"gold_loss":0.0,"damage_taken":26.0,"relics_obtained":["Happy Flower"]},{"damage_healed":0.0,"max_hp_gain":0.0,"max_hp_loss":7.0,"gold_gain":0.0,"event_name":"Golden Idol","player_choice":"Lose Max HP","floor":5.0,"gold_loss":0.0,"damage_taken":0.0,"relics_obtained":["Golden Idol"]},{"damage_healed":0.0,"max_hp_gain":0.0,"max_hp_loss":0.0,"gold_gain":0.0,"event_name":"Match and Keep!","player_choice":"1 cards matched","floor":14.0,"gold_loss":0.0,"damage_taken":0.0,"cards_obtained":["Dagger Throw"]},{"damage_healed":0.0,"max_hp_gain":0.0,"max_hp_loss":0.0,"gold_gain":0.0,"event_name":"Forgotten Altar","player_choice":"Gave Idol","floor":21.0,"relics_lost":["Golden Idol"],"gold_loss":0.0,"damage_taken":0.0,"relics_obtained":["Bloody Idol"]},{"damage_healed":0,"gold_gain":0,"player_choice":"Ignored","damage_taken":0,"max_hp_gain":0,"max_hp_loss":0,"event_name":"Mysterious Sphere","floor":39,"gold_loss":0}],"is_beta":false,"boss_relics":[{"not_picked":["Fusion Hammer","HoveringKite"],"picked":"Cursed Key"},{"not_picked":["Sozu","Tiny House"],"picked":"Pandora\u0027s Box"}],"items_purged_floors":[8,19],"is_endless":false,"potions_floor_spawned":[3,6,11,20,22,25,33,35,40],"killed_by":"Nemesis","ascension_level":15}