{"gold_per_floor":[110,130,142,6,22,54,54,83,108,108,122,139,139,164,164,235,235,247,297,316,61,73,73,104,124,124,136,136,165,165,199,199,280,280,307,71,80,92,112,139,196,230,253,280,312,324,324,365,377,389],"floor_reached":51,"playtime":2295,"items_purged":["Strike_G","Strike_G"],"score":1532,"play_id":"6817e2c5-624e-4f32-9d5f-d735a5268603","local_time":"20220731104111","is_ascension_mode":true,"campfire_choices":[{"data":"Blade Dance","floor":7.0,"key":"SMITH"},{"data":"Blade Dance","floor":15.0,"key":"SMITH"},{"data":"Adrenaline","floor":23,"key":"SMITH"},{"data":"Accuracy","floor":28,"key":"SMITH"},{"data":"Cloak And Dagger","floor":32,"key":"SMITH"},{"data":"Accuracy","floor":47,"key":"SMITH"},{"floor":49,"key":"REST"}],"neow_cost":"NONE","seed_source_timestamp":8386315672999,"circlet_count":0,"master_deck":["AscendersBane","Strike_G","Defend_G","Defend_G","Defend_G","Defend_G","Defend_G","Survivor","Neutralize+1","Adrenaline","Blade Dance+1","Accuracy+1","Cloak And Dagger","Die Die Die+1","Quick Slash+1","Dash","Backstab","Accuracy+1","Blade Dance+1","Adrenaline+1","Infinite Blades","PiercingWail","Blade Dance+1","Adrenaline","Cloak And Dagger+1","Well Laid Plans+1","Corpse Explosion","Finisher+1","Dodge and Roll","Flash of Steel+1","Dagger Throw+1","Calculated Gamble+1","Burst","Prepared+1","Deflect"],"special_seed":0,"relics":["Ring of the Snake","Happy Flower","Smiling Mask","Blood Vial","Strawberry","Mango","Empty Cage","DollysMirror","Molten Egg 2","CeramicFish","MutagenicStrength","Kunai","HoveringKite","Centennial Puzzle","Whetstone","Prayer Wheel","FossilizedHelix","Orichalcum","Bronze Scales","MawBank"],"potions_floor_usage":[27,31,41,45,48,50],"damage_taken":[{"damage":1.0,"enemies":"Cultist","floor":1.0,"turns":5.0},{"damage":1.0,"enemies":"2 Louse","floor":2.0,"turns":3.0},{"damage":0.0,"enemies":"Small Slimes","floor":3.0,"turns":3.0},{"damage":0.0,"enemies":"Red Slaver","floor":5.0,"turns":3.0},{"damage":21.0,"enemies":"Gremlin Nob","floor":6.0,"turns":4.0},{"damage":3.0,"enemies":"3 Sentries","floor":8.0,"turns":5.0},{"damage":0.0,"enemies":"Large Slime","floor":11.0,"turns":5.0},{"damage":0.0,"enemies":"Looter","floor":12.0,"turns":1.0},{"damage":12.0,"enemies":"Lagavulin","floor":14.0,"turns":4.0},{"damage":24.0,"enemies":"The Guardian","floor":16.0,"turns":8.0},{"damage":6.0,"enemies":"2 Thieves","floor":18.0,"turns":2.0},{"damage":0,"enemies":"Chosen","floor":20,"turns":3},{"damage":4,"enemies":"Shelled Parasite and Fungi","floor":22,"turns":4},{"damage":12,"enemies":"Gremlin Leader","floor":24,"turns":5},{"damage":0,"enemies":"3 Cultists","floor":25,"turns":3},{"damage":15,"enemies":"Centurion and Healer","floor":27,"turns":4},{"damage":0,"enemies":"Chosen and Byrds","floor":29,"turns":3},{"damage":9,"enemies":"Book of Stabbing","floor":31,"turns":2},{"damage":22,"enemies":"Automaton","floor":33,"turns":7},{"damage":0,"enemies":"3 Darklings","floor":35,"turns":3},{"damage":6,"enemies":"3 Shapes","floor":38,"turns":1},{"damage":0,"enemies":"Transient","floor":39,"turns":5},{"damage":1,"enemies":"Nemesis","floor":40,"turns":7},{"damage":0,"enemies":"2 Orb Walkers","floor":41,"turns":2},{"damage":5,"enemies":"Reptomancer","floor":42,"turns":5},{"damage":0,"enemies":"Nemesis","floor":44,"turns":3},{"damage":6,"enemies":"Sphere and 2 Shapes","floor":45,"turns":3},{"damage":0,"enemies":"Writhing Mass","floor":46,"turns":3},{"damage":16,"enemies":"Reptomancer","floor":48,"turns":4},{"damage":6,"enemies":"Awakened One","floor":50,"turns":8}],"seed_played":"-1391125881932526008","potions_obtained":[{"floor":1.0,"key":"EssenceOfSteel"},{"floor":8.0,"key":"AttackPotion"},{"floor":11.0,"key":"Block Potion"},{"floor":22,"key":"EssenceOfSteel"},{"floor":27,"key":"Dexterity Potion"},{"floor":31,"key":"CunningPotion"},{"floor":41,"key":"Block Potion"},{"floor":42,"key":"CunningPotion"},{"floor":46,"key":"BlessingOfTheForge"}],"is_trial":false,"path_per_floor":["M","M","M","$","M","E","R","E","T","?","M","M","?","E","R","B",null,"M","?","M","$","M","R","E","M","T","M","R","M","?","E","R","B",null,"M","$","?","M","M","E","?","E","T","E","M","M","R","E","R","B",null],"character_chosen":"THE_SILENT","items_purchased":["Die Die Die","SteroidPotion","DollysMirror","Dodge and Roll","Centennial Puzzle"],"campfire_rested":1,"item_purchase_floors":[4,21,21,36,36],"current_hp_per_floor":[58,57,57,57,57,36,36,33,33,33,35,37,44,48,48,26,72,68,68,70,70,68,68,58,60,60,47,47,49,49,42,42,22,71,73,73,73,69,71,72,74,71,71,73,69,71,71,57,83,79],"gold":401,"neow_bonus":"ONE_RANDOM_RARE_CARD","is_prod":false,"is_daily":false,"chose_seed":false,"campfire_upgraded":6,"win_rate":0,"timestamp":1659289271,"path_taken":["M","?","M","$","M","E","R","E","T","?","?","M","?","E","R","BOSS","M","?","M","$","M","R","E","?","T","M","R","M","?","E","R","BOSS","M","$","?","M","M","E","?","E","T","E","M","M","R","E","R","BOSS"],"build_version":"2022-03-07","purchased_purges":2,"victory":true,"max_hp_per_floor":[66,66,66,66,66,66,66,66,66,66,66,66,73,87,87,87,87,87,87,87,87,87,87,87,87,87,87,87,87,87,87,87,87,87,87,87,87,87,87,87,87,87,87,87,87,87,87,87,87,87],"relic_stats":{"Happy Flower":[33],"counters":[30,118],"CeramicFish":99,"HoveringKite":[18],"Whetstone":["Die Die Die","Quick Slash"],"Orichalcum":[0],"Smiling Mask":75,"MawBank":36,"Blood Vial":48,"Centennial Puzzle":[15],"Bronze Scales":[69],"Prayer Wheel":2,"Kunai":[84],"obtain_stats":[{"Happy Flower":6,"CeramicFish":26,"HoveringKite":34,"Mango":14,"Whetstone":40,"Orichalcum":43,"Smiling Mask":8,"Empty Cage":17,"MawBank":48,"Blood Vial":9,"Centennial Puzzle":36,"DollysMirror":21,"Strawberry":13,"MutagenicStrength":30,"Bronze Scales":44,"Molten Egg 2":24,"Prayer Wheel":41,"Kunai":31,"FossilizedHelix":42,"Ring of the Snake":0},{"Happy Flower":5,"CeramicFish":15,"HoveringKite":19,"Mango":9,"Whetstone":23,"Orichalcum":25,"Smiling Mask":6,"Empty Cage":10,"MawBank":29,"Blood Vial":6,"Centennial Puzzle":20,"DollysMirror":12,"Strawberry":8,"MutagenicStrength":17,"Bronze Scales":26,"Molten Egg 2":14,"Prayer Wheel":24,"Kunai":18,"FossilizedHelix":25,"Ring of the Snake":0},{"Happy Flower":18,"CeramicFish":58,"HoveringKite":74,"Mango":33,"Whetstone":90,"Orichalcum":97,"Smiling Mask":23,"Empty Cage":41,"MawBank":110,"Blood Vial":23,"Centennial Puzzle":77,"DollysMirror":46,"Strawberry":29,"MutagenicStrength":65,"Bronze Scales":100,"Molten Egg 2":55,"Prayer Wheel":92,"Kunai":67,"FossilizedHelix":97,"Ring of the Snake":0}],"FossilizedHelix":[24],"Ring of the Snake":[60]},"card_choices":[{"not_picked":["Bane","Outmaneuver"],"picked":"Blade Dance","floor":1.0},{"not_picked":["Acrobatics","Catalyst"],"picked":"Accuracy","floor":2.0},{"not_picked":["Flying Knee","Acrobatics"],"picked":"Cloak And Dagger","floor":3.0},{"not_picked":["Deadly Poison","Backflip"],"picked":"Quick Slash","floor":5.0},{"not_picked":["Skewer","Outmaneuver"],"picked":"Dash","floor":6.0},{"not_picked":["Deadly Poison","Eviscerate"],"picked":"Backstab","floor":8.0},{"not_picked":["Predator","Dagger Throw"],"picked":"Accuracy","floor":11.0},{"not_picked":["Accuracy","Sucker Punch","Acrobatics"],"picked":"SKIP","floor":12.0},{"not_picked":["Poisoned Stab","Adrenaline"],"picked":"Blade Dance","floor":14.0},{"not_picked":["Glass Knife","Tools of the Trade"],"picked":"Adrenaline","floor":16.0},{"not_picked":["PiercingWail","Dash"],"picked":"Infinite Blades","floor":18.0},{"not_picked":["Dagger Spray","Cloak And Dagger"],"picked":"PiercingWail","floor":20},{"not_picked":["Dodge and Roll","Well Laid Plans","Skewer"],"picked":"SKIP","floor":22},{"not_picked":["Riddle With Holes+1","Acrobatics","Outmaneuver"],"picked":"SKIP","floor":24},{"not_picked":["Infinite Blades","Deflect"],"picked":"Adrenaline","floor":25},{"not_picked":["Prepared","Reflex","Poisoned Stab+1"],"picked":"SKIP","floor":27},{"not_picked":["Quick Slash+1","Flechettes+1"],"picked":"Cloak And Dagger","floor":29},{"not_picked":["Dagger Spray+1","Poisoned Stab+1"],"picked":"Well Laid Plans+1","floor":31},{"not_picked":["Unload+1","Tools of the Trade"],"picked":"Corpse Explosion","floor":33},{"not_picked":["Infinite Blades","Acrobatics"],"picked":"Finisher+1","floor":35},{"not_picked":["Blind","Mind Blast+1"],"picked":"Flash of Steel+1","floor":37},{"not_picked":["Cloak And Dagger","Quick Slash+1","Skewer+1"],"picked":"SKIP","floor":38},{"not_picked":["Sucker Punch+1","Finisher+1"],"picked":"Dagger Throw+1","floor":39},{"not_picked":["Heel Hook+1","Finisher+1","Slice+1"],"picked":"SKIP","floor":40},{"not_picked":["Quick Slash+1","Backstab+1"],"picked":"Calculated Gamble+1","floor":41},{"not_picked":["Poisoned Stab+1","Deadly Poison","Infinite Blades"],"picked":"SKIP","floor":42},{"not_picked":["Escape Plan","Expertise","Dodge and Roll"],"picked":"SKIP","floor":44},{"not_picked":["Footwork","Dagger Spray+1"],"picked":"Burst","floor":45},{"not_picked":["Backflip","Sucker Punch+1"],"picked":"Prepared+1","floor":45},{"not_picked":["Slice+1","Cloak And Dagger","Outmaneuver"],"picked":"SKIP","floor":46},{"not_picked":["Escape Plan","Bane+1","Distraction+1"],"picked":"SKIP","floor":46},{"not_picked":["PiercingWail","Die Die Die+1"],"picked":"Deflect","floor":48}],"player_experience":5162331,"relics_obtained":[{"floor":6.0,"key":"Happy Flower"},{"floor":8.0,"key":"Smiling Mask"},{"floor":9.0,"key":"Blood Vial"},{"floor":13.0,"key":"Strawberry"},{"floor":14.0,"key":"Mango"},{"floor":24,"key":"Molten Egg 2"},{"floor":26,"key":"CeramicFish"},{"floor":31,"key":"Kunai"},{"floor":40,"key":"Whetstone"},{"floor":41,"key":"Prayer Wheel"},{"floor":42,"key":"FossilizedHelix"},{"floor":43,"key":"Orichalcum"},{"floor":44,"key":"Bronze Scales"},{"floor":48,"key":"MawBank"}],"event_choices":[{"damage_healed":0.0,"max_hp_gain":0.0,"max_hp_loss":0.0,"gold_gain":0.0,"event_name":"Upgrade Shrine","player_choice":"Upgraded","floor":10.0,"gold_loss":0.0,"damage_taken":0.0,"cards_upgraded":["Neutralize"]},{"damage_healed":0.0,"max_hp_gain":0.0,"max_hp_loss":0.0,"gold_gain":0.0,"event_name":"Wheel of Change","player_choice":"Relic","floor":13.0,"gold_loss":0.0,"damage_taken":0.0},{"damage_healed":0,"gold_gain":100,"player_choice":"Bet on Murderer","damage_taken":0,"max_hp_gain":0,"max_hp_loss":0,"event_name":"The Joust","floor":19,"gold_loss":50},{"damage_healed":0,"gold_gain":0,"player_choice":"Inject Mutagens","damage_taken":0,"relics_obtained":["MutagenicStrength"],"max_hp_gain":0,"max_hp_loss":0,"event_name":"Drug Dealer","floor":30,"gold_loss":0},{"damage_healed":0,"gold_gain":0,"player_choice":"Memory 1","damage_taken":0,"max_hp_gain":0,"max_hp_loss":0,"event_name":"SensoryStone","floor":37,"gold_loss":0},{"damage_healed":0,"gold_gain":0,"player_choice":"Fight","damage_taken":0,"max_hp_gain":0,"max_hp_loss":0,"event_name":"Mysterious Sphere","floor":41,"gold_loss":0}],"is_beta":false,"boss_relics":[{"not_picked":["Velvet Choker","Busted Crown"],"picked":"Empty Cage"},{"not_picked":["Snecko Eye","Pandora\u0027s Box"],"picked":"HoveringKite"}],"items_purged_floors":[21,36],"is_endless":false,"potions_floor_spawned":[1,8,11,12,22,25,27,31,33,41,42,44,46],"ascension_level":15}