{"gold_per_floor":[363,25,38,38,50,50,63,88,88,3,35,45,79,90,90,161,161,175,175,202,213,213,213,246,246,246,281,281,291,291,325,325,399,399,415,415,428,197,217,252,252,252,276,304,323,323,350,350,350,350],"floor_reached":51,"playtime":2240,"items_purged":["Strike_G"],"score":1688,"play_id":"6bbc91df-1c7d-4b27-aac3-101fb423f0f1","local_time":"20220801160603","is_ascension_mode":true,"campfire_choices":[{"data":"Blade Dance","floor":6.0,"key":"SMITH"},{"data":"Blade Dance","floor":15.0,"key":"SMITH"},{"data":"Phantasmal Killer","floor":23.0,"key":"SMITH"},{"data":"Die Die Die","floor":25.0,"key":"SMITH"},{"data":"Flechettes","floor":30.0,"key":"SMITH"},{"data":"Neutralize","floor":32.0,"key":"SMITH"},{"data":"After Image","floor":41,"key":"SMITH"},{"floor":49,"key":"RECALL"}],"neow_cost":"TEN_PERCENT_HP_LOSS","seed_source_timestamp":18544006260100,"circlet_count":0,"master_deck":["AscendersBane","Strike_G+1","Strike_G+1","Strike_G+1","Defend_G+1","Defend_G+1","Defend_G+1","Defend_G+1","Defend_G+1","Neutralize+1","Dagger Throw+1","Flash of Steel+1","Sucker Punch+1","Blade Dance+1","Predator+1","Cloak And Dagger+1","Blade Dance+1","Phantasmal Killer+1","Die Die Die+1","Blade Dance+1","Deflect+1","Slice+1","Blur+1","Deflect+1","Flechettes+1","After Image+1","Finesse+1","Master of Strategy+1","Accuracy+1","Terror+1"],"special_seed":0,"relics":["Ring of the Snake","Kunai","The Specimen","Meat on the Bone","Singing Bowl","Akabeko","Bottled Lightning","Runic Pyramid","Red Mask","FossilizedHelix","Sundial","Orichalcum","Eternal Feather","Gambling Chip","Sozu","Centennial Puzzle","Tough Bandages","Happy Flower","HornCleat","Mummified Hand","Mark of the Bloom"],"potions_floor_usage":[45],"damage_taken":[{"damage":1.0,"enemies":"Jaw Worm","floor":1.0,"turns":5.0},{"damage":2.0,"enemies":"2 Louse","floor":3.0,"turns":4.0},{"damage":0.0,"enemies":"Cultist","floor":5.0,"turns":4.0},{"damage":7.0,"enemies":"3 Louse","floor":7.0,"turns":3.0},{"damage":9.0,"enemies":"Gremlin Nob","floor":8.0,"turns":3.0},{"damage":7.0,"enemies":"Lagavulin","floor":11.0,"turns":8.0},{"damage":1.0,"enemies":"Looter","floor":12.0,"turns":2.0},{"damage":21.0,"enemies":"3 Sentries","floor":13.0,"turns":6.0},{"damage":8.0,"enemies":"Large Slime","floor":14.0,"turns":5.0},{"damage":13.0,"enemies":"Hexaghost","floor":16.0,"turns":13.0},{"damage":0.0,"enemies":"3 Byrds","floor":18.0,"turns":4.0},{"damage":0.0,"enemies":"Masked Bandits","floor":20.0,"turns":2.0},{"damage":0.0,"enemies":"Chosen","floor":21.0,"turns":4.0},{"damage":5.0,"enemies":"Slavers","floor":24.0,"turns":5.0},{"damage":0.0,"enemies":"Gremlin Leader","floor":27.0,"turns":6.0},{"damage":6.0,"enemies":"Snake Plant","floor":29.0,"turns":5.0},{"damage":0.0,"enemies":"Book of Stabbing","floor":31.0,"turns":4.0},{"damage":21.0,"enemies":"Automaton","floor":33.0,"turns":10.0},{"damage":0.0,"enemies":"Orb Walker","floor":35.0,"turns":2.0},{"damage":0,"enemies":"3 Shapes","floor":37,"turns":3},{"damage":0,"enemies":"Jaw Worm Horde","floor":39,"turns":3},{"damage":0,"enemies":"Nemesis","floor":40,"turns":5},{"damage":0,"enemies":"Reptomancer","floor":44,"turns":7},{"damage":0,"enemies":"Writhing Mass","floor":45,"turns":7},{"damage":0,"enemies":"Nemesis","floor":47,"turns":3},{"damage":0,"enemies":"Awakened One","floor":50,"turns":9}],"seed_played":"3128186962782572677","potions_obtained":[{"floor":3.0,"key":"FairyPotion"},{"floor":7.0,"key":"Energy Potion"},{"floor":13.0,"key":"Weak Potion"},{"floor":20.0,"key":"ColorlessPotion"},{"floor":24.0,"key":"Poison Potion"},{"floor":29.0,"key":"SkillPotion"},{"floor":31.0,"key":"SmokeBomb"},{"floor":33.0,"key":"Swift Potion"}],"is_trial":false,"path_per_floor":["M","$","M","?","M","R","M","E","T","?","E","M","E","M","R","B",null,"M","?","?","M","?","R","E","R","T","E","T","M","R","E","R","B",null,"M","?","M","$","M","E","R","?","T","E","M","?","E","?","R","B",null],"character_chosen":"THE_SILENT","items_purchased":["Kunai","Flash of Steel","Centennial Puzzle"],"campfire_rested":0,"item_purchase_floors":[2,2,38],"current_hp_per_floor":[58,58,56,49,49,49,42,33,33,33,40,39,30,36,36,35,57,57,57,57,57,57,57,52,52,52,52,52,46,61,63,66,45,61,63,55,57,57,59,59,74,74,74,76,76,72,74,74,74,74],"gold":350,"neow_bonus":"TWO_FIFTY_GOLD","is_prod":false,"is_daily":false,"chose_seed":false,"campfire_upgraded":7,"win_rate":0,"timestamp":1659395163,"path_taken":["M","$","M","?","M","R","M","E","T","?","E","M","E","?","R","BOSS","M","?","?","M","?","R","E","R","T","E","?","?","R","E","R","BOSS","M","?","M","$","M","E","R","?","T","E","M","?","E","?","R","BOSS"],"build_version":"2022-03-07","purchased_purges":1,"victory":true,"max_hp_per_floor":[60,60,60,60,60,60,60,60,60,60,62,62,62,64,64,64,64,64,64,64,64,64,64,64,64,64,64,64,64,64,66,66,66,66,68,70,72,72,74,74,74,74,74,76,76,72,74,74,74,74],"relic_stats":{"Mark of the Bloom":18,"The Specimen":[2],"Singing Bowl":18,"Happy Flower":[8],"counters":[26,132],"Eternal Feather":33,"Orichalcum":[12],"Sozu":3,"Centennial Puzzle":[0],"Tough Bandages":[39],"Sundial":[6],"Mummified Hand":[2],"Gambling Chip":[27],"Kunai":[124],"Bottled Lightning":"Blade Dance","obtain_stats":[{"Mark of the Bloom":48,"The Specimen":8,"Singing Bowl":10,"Happy Flower":43,"Eternal Feather":28,"Orichalcum":27,"Akabeko":11,"Sozu":34,"Centennial Puzzle":38,"Tough Bandages":40,"HornCleat":44,"Sundial":26,"Mummified Hand":47,"Gambling Chip":31,"Red Mask":20,"Kunai":2,"Bottled Lightning":13,"FossilizedHelix":24,"Ring of the Snake":0,"Meat on the Bone":9,"Runic Pyramid":17},{"Mark of the Bloom":25,"The Specimen":5,"Singing Bowl":5,"Happy Flower":22,"Eternal Feather":15,"Orichalcum":15,"Akabeko":6,"Sozu":18,"Centennial Puzzle":20,"Tough Bandages":22,"HornCleat":23,"Sundial":14,"Mummified Hand":25,"Gambling Chip":17,"Red Mask":12,"Kunai":1,"Bottled Lightning":8,"FossilizedHelix":14,"Ring of the Snake":0,"Meat on the Bone":5,"Runic Pyramid":10},{"Mark of the Bloom":123,"The Specimen":19,"Singing Bowl":19,"Happy Flower":106,"Eternal Feather":74,"Orichalcum":74,"Akabeko":27,"Sozu":93,"Centennial Puzzle":98,"Tough Bandages":106,"HornCleat":113,"Sundial":68,"Mummified Hand":123,"Gambling Chip":83,"Red Mask":59,"Kunai":5,"Bottled Lightning":35,"FossilizedHelix":68,"Ring of the Snake":0,"Meat on the Bone":19,"Runic Pyramid":53}],"FossilizedHelix":[73],"Ring of the Snake":[52],"Meat on the Bone":48},"card_choices":[{"not_picked":["Concentrate","Sucker Punch"],"picked":"Dagger Throw","floor":1.0},{"not_picked":["Deadly Poison","Riddle With Holes"],"picked":"Sucker Punch","floor":3.0},{"not_picked":["Concentrate","Outmaneuver"],"picked":"Blade Dance","floor":5.0},{"not_picked":["Outmaneuver","Eviscerate"],"picked":"Predator","floor":7.0},{"not_picked":["Slice","Riddle With Holes"],"picked":"Cloak And Dagger","floor":8.0},{"not_picked":["Bane","Bouncing Flask","Doppelganger"],"picked":"Singing Bowl","floor":11.0},{"not_picked":["Cloak And Dagger","Sucker Punch"],"picked":"Blade Dance","floor":12.0},{"not_picked":["Sucker Punch","Deadly Poison"],"picked":"Phantasmal Killer","floor":13.0},{"not_picked":["Deadly Poison","Quick Slash","Crippling Poison"],"picked":"Singing Bowl","floor":14.0},{"not_picked":["Phantasmal Killer","Doppelganger"],"picked":"Die Die Die","floor":16.0},{"not_picked":["Caltrops","PiercingWail"],"picked":"Blade Dance","floor":18.0},{"not_picked":["PiercingWail","Backflip"],"picked":"Deflect","floor":20.0},{"not_picked":["Quick Slash","Underhanded Strike"],"picked":"Slice","floor":21.0},{"not_picked":["Acrobatics","Flying Knee"],"picked":"Blur+1","floor":24.0},{"not_picked":["Underhanded Strike","Predator"],"picked":"Deflect","floor":27.0},{"not_picked":["Poisoned Stab","Well Laid Plans"],"picked":"Flechettes","floor":29.0},{"not_picked":["Night Terror","Well Laid Plans","Prepared"],"picked":"Singing Bowl","floor":31.0},{"not_picked":["Malaise","Storm of Steel"],"picked":"After Image","floor":33.0},{"not_picked":["Slice","Footwork","Outmaneuver"],"picked":"Singing Bowl","floor":35.0},{"not_picked":["Trip","Secret Weapon"],"picked":"Finesse","floor":36},{"not_picked":["Good Instincts","PanicButton"],"picked":"Master of Strategy","floor":36},{"not_picked":["PanicButton","Swift Strike","Secret Technique"],"picked":"Singing Bowl","floor":36},{"not_picked":["Acrobatics+1","Blade Dance","Tactician"],"picked":"Singing Bowl","floor":37},{"not_picked":["Leg Sweep+1","Well Laid Plans","Blade Dance"],"picked":"Singing Bowl","floor":39},{"not_picked":["Sucker Punch","Blade Dance"],"picked":"Accuracy+1","floor":40},{"not_picked":["PiercingWail","Quick Slash","Sucker Punch"],"picked":"Singing Bowl","floor":44},{"not_picked":["Dagger Throw","Endless Agony+1"],"picked":"Terror+1","floor":45},{"not_picked":["Cloak And Dagger","Prepared","Unload"],"picked":"Singing Bowl","floor":47}],"player_experience":5172647,"relics_obtained":[{"floor":8.0,"key":"The Specimen"},{"floor":9.0,"key":"Meat on the Bone"},{"floor":11.0,"key":"Akabeko"},{"floor":13.0,"key":"Bottled Lightning"},{"floor":20.0,"key":"Red Mask"},{"floor":24.0,"key":"FossilizedHelix"},{"floor":26.0,"key":"Sundial"},{"floor":27.0,"key":"Orichalcum"},{"floor":28.0,"key":"Eternal Feather"},{"floor":31.0,"key":"Gambling Chip"},{"floor":40,"key":"Tough Bandages"},{"floor":43,"key":"Happy Flower"},{"floor":44,"key":"HornCleat"},{"floor":47,"key":"Mummified Hand"}],"event_choices":[{"cards_removed":["Strike_G"],"damage_healed":0.0,"max_hp_gain":0.0,"max_hp_loss":0.0,"gold_gain":0.0,"event_name":"Golden Wing","player_choice":"Card Removal","floor":4.0,"gold_loss":0.0,"damage_taken":7.0},{"damage_healed":0.0,"max_hp_gain":0.0,"max_hp_loss":0.0,"gold_gain":0.0,"event_name":"WeMeetAgain","player_choice":"Paid Gold","floor":10.0,"gold_loss":85.0,"damage_taken":0.0,"relics_obtained":["Singing Bowl"]},{"damage_healed":0.0,"max_hp_gain":0.0,"max_hp_loss":0.0,"gold_gain":0.0,"event_name":"Cursed Tome","player_choice":"Ignored","floor":19.0,"gold_loss":0.0,"damage_taken":0.0},{"damage_healed":0.0,"max_hp_gain":0.0,"max_hp_loss":0.0,"gold_gain":0.0,"event_name":"Masked Bandits","player_choice":"Fought Bandits","floor":20.0,"gold_loss":0.0,"damage_taken":0.0},{"damage_healed":0.0,"max_hp_gain":0.0,"max_hp_loss":0.0,"gold_gain":0.0,"event_name":"Ghosts","player_choice":"Ignored","floor":22.0,"gold_loss":0.0,"damage_taken":0.0},{"damage_healed":0,"gold_gain":0,"player_choice":"Memory 3","damage_taken":10,"max_hp_gain":0,"max_hp_loss":0,"event_name":"SensoryStone","floor":36,"gold_loss":0},{"cards_removed":["Survivor"],"damage_healed":0,"gold_gain":0,"player_choice":"Removed Skill","damage_taken":0,"max_hp_gain":0,"max_hp_loss":0,"event_name":"Falling","floor":42,"gold_loss":0},{"damage_healed":0,"gold_gain":0,"player_choice":"Max HP","damage_taken":0,"max_hp_gain":0,"max_hp_loss":4,"event_name":"Winding Halls","floor":46,"gold_loss":0},{"damage_healed":0,"gold_gain":0,"player_choice":"Upgrade","damage_taken":0,"relics_obtained":["Mark of the Bloom"],"max_hp_gain":0,"max_hp_loss":0,"event_name":"MindBloom","floor":48,"gold_loss":0,"cards_upgraded":["Strike_G","Strike_G","Strike_G","Defend_G","Defend_G","Defend_G","Defend_G","Defend_G","Dagger Throw","Flash of Steel","Sucker Punch","Predator","Cloak And Dagger","Blade Dance","Deflect","Slice","Deflect","Finesse","Master of Strategy"]}],"is_beta":false,"boss_relics":[{"not_picked":["Astrolabe","Calling Bell"],"picked":"Runic Pyramid"},{"not_picked":["Busted Crown","Pandora\u0027s Box"],"picked":"Sozu"}],"items_purged_floors":[38],"is_endless":false,"potions_floor_spawned":[3,7,13,14,20,24,29,31,33,35,39,47],"ascension_level":15}