{"gold_per_floor":[16,27,27,27,102,102,14,37,64,64,105,118,159,178,178,274,274,298,322,322,322,372,372],"floor_reached":23,"playtime":814,"items_purged":[],"score":348,"play_id":"1c910626-35cd-4304-bb33-9bc645709bdc","local_time":"20220819154619","is_ascension_mode":true,"campfire_choices":[{"data":"Footwork","floor":6.0,"key":"SMITH"},{"data":"Noxious Fumes","floor":10.0,"key":"SMITH"},{"data":"Catalyst","floor":15.0,"key":"SMITH"}],"neow_cost":"NO_GOLD","seed_source_timestamp":197594041629000,"circlet_count":0,"master_deck":["AscendersBane","Strike_G","Strike_G","Strike_G","Strike_G","Strike_G","Defend_G","Defend_G","Defend_G","Defend_G","Defend_G","Survivor","Neutralize+1","Footwork+1","Cloak And Dagger","All Out Attack","Noxious Fumes+1","Poisoned Stab","Catalyst+1","Venomology","Dagger Throw","Corpse Explosion"],"special_seed":0,"relics":["Ring of the Snake","Calipers","Bloody Idol","Omamori","Dream Catcher","Bottled Flame","Calling Bell","Boot","Pear","Torii","Snake Skull"],"potions_floor_usage":[23,23],"damage_taken":[{"damage":0.0,"enemies":"Cultist","floor":1.0,"turns":4.0},{"damage":0.0,"enemies":"2 Louse","floor":2.0,"turns":5.0},{"damage":0.0,"enemies":"Small Slimes","floor":8.0,"turns":4.0},{"damage":8.0,"enemies":"Lagavulin","floor":11.0,"turns":8.0},{"damage":0.0,"enemies":"Looter","floor":12.0,"turns":3.0},{"damage":4.0,"enemies":"3 Sentries","floor":13.0,"turns":6.0},{"damage":17.0,"enemies":"Large Slime","floor":14.0,"turns":6.0},{"damage":12.0,"enemies":"Hexaghost","floor":16.0,"turns":8.0},{"damage":25.0,"enemies":"2 Thieves","floor":18.0,"turns":4.0},{"damage":17.0,"enemies":"Shell Parasite","floor":19.0,"turns":8.0},{"damage":42,"enemies":"Gremlin Leader","floor":23,"turns":4}],"seed_played":"7043754075067187640","potions_obtained":[{"floor":2.0,"key":"SpeedPotion"},{"floor":16.0,"key":"Regen Potion"}],"is_trial":false,"path_per_floor":["M","M","?","?","?","R","$","M","T","R","E","M","E","M","R","B",null,"M","M","?","?","?","E"],"character_chosen":"THE_SILENT","items_purchased":["All Out Attack","Strength Potion"],"campfire_rested":0,"item_purchase_floors":[7,7],"current_hp_per_floor":[59,59,59,59,48,48,48,48,48,48,40,40,36,19,19,7,57,32,30,30,30,35,0],"gold":372,"neow_bonus":"ONE_RARE_RELIC","is_prod":false,"is_daily":false,"chose_seed":false,"campfire_upgraded":3,"win_rate":0,"timestamp":1660949179,"path_taken":["M","M","?","?","?","R","?","M","T","R","E","M","E","M","R","BOSS","M","M","?","?","?","E"],"build_version":"2022-03-07","purchased_purges":0,"victory":false,"max_hp_per_floor":[66,66,60,60,60,60,60,60,60,60,60,60,60,60,60,60,70,70,70,70,70,70,70],"relic_stats":{"Dream Catcher":0,"Bottled Flame":"All Out Attack","Calipers":[0],"Torii":15,"counters":[11,60],"Bloody Idol":5,"Snake Skull":[1],"Omamori":2,"Boot":[4],"obtain_stats":[{"Calling Bell":17,"Dream Catcher":11,"Bottled Flame":13,"Calipers":0,"Pear":17,"Torii":17,"Golden Idol":3,"Bloody Idol":20,"Snake Skull":21,"Omamori":9,"Boot":17,"Ring of the Snake":0},{"Calling Bell":8,"Dream Catcher":4,"Bottled Flame":6,"Calipers":0,"Pear":8,"Torii":8,"Golden Idol":2,"Bloody Idol":10,"Snake Skull":10,"Omamori":3,"Boot":8,"Ring of the Snake":0},{"Calling Bell":44,"Dream Catcher":21,"Bottled Flame":30,"Calipers":0,"Pear":44,"Torii":44,"Golden Idol":9,"Bloody Idol":56,"Snake Skull":56,"Omamori":13,"Boot":44,"Ring of the Snake":0}],"Ring of the Snake":[22]},"card_choices":[{"not_picked":["Dodge and Roll","Finisher"],"picked":"Footwork","floor":1.0},{"not_picked":["Reflex","Deflect"],"picked":"Cloak And Dagger","floor":2.0},{"not_picked":["Deflect","Tactician"],"picked":"Noxious Fumes","floor":8.0},{"not_picked":["Escape Plan","Dagger Spray"],"picked":"Poisoned Stab","floor":11.0},{"not_picked":["Bane","Backflip"],"picked":"Catalyst","floor":12.0},{"not_picked":["Flechettes","Dodge and Roll"],"picked":"Venomology","floor":13.0},{"not_picked":["Dagger Spray","Prepared"],"picked":"Dagger Throw","floor":14.0},{"not_picked":["Malaise","Adrenaline"],"picked":"Corpse Explosion","floor":16.0},{"not_picked":["Infinite Blades","Dagger Spray","Noxious Fumes"],"picked":"SKIP","floor":18.0},{"not_picked":["Underhanded Strike","Poisoned Stab","Prepared"],"picked":"SKIP","floor":19.0}],"player_experience":5223991,"relics_obtained":[{"floor":9.0,"key":"Omamori"},{"floor":11.0,"key":"Dream Catcher"},{"floor":13.0,"key":"Bottled Flame"},{"floor":17.0,"key":"Boot"},{"floor":17.0,"key":"Pear"},{"floor":17.0,"key":"Torii"}],"event_choices":[{"damage_healed":0.0,"max_hp_gain":0.0,"max_hp_loss":6.0,"gold_gain":0.0,"event_name":"Golden Idol","player_choice":"Lose Max HP","floor":3.0,"gold_loss":0.0,"damage_taken":0.0,"relics_obtained":["Golden Idol"]},{"damage_healed":0.0,"max_hp_gain":0.0,"max_hp_loss":0.0,"gold_gain":0.0,"event_name":"Living Wall","player_choice":"Grow","floor":4.0,"gold_loss":0.0,"damage_taken":0.0,"cards_upgraded":["Neutralize"]},{"damage_healed":0.0,"max_hp_gain":0.0,"max_hp_loss":0.0,"gold_gain":75.0,"event_name":"World of Goop","player_choice":"Gather Gold","floor":5.0,"gold_loss":0.0,"damage_taken":11.0},{"damage_healed":0.0,"max_hp_gain":0.0,"max_hp_loss":0.0,"gold_gain":0.0,"event_name":"Forgotten Altar","player_choice":"Gave Idol","floor":20.0,"relics_lost":["Golden Idol"],"gold_loss":0.0,"damage_taken":0.0,"relics_obtained":["Bloody Idol"]},{"damage_healed":0.0,"max_hp_gain":0.0,"max_hp_loss":0.0,"gold_gain":0.0,"event_name":"Addict","player_choice":"Stole Relic","floor":21.0,"gold_loss":0.0,"damage_taken":0.0,"relics_obtained":["Snake Skull"],"cards_obtained":["Shame"]},{"damage_healed":0.0,"max_hp_gain":0.0,"max_hp_loss":0.0,"gold_gain":50.0,"event_name":"Golden Shrine","player_choice":"Pray","floor":22.0,"gold_loss":0.0,"damage_taken":0.0}],"is_beta":false,"boss_relics":[{"not_picked":["Pandora\u0027s Box","Fusion Hammer"],"picked":"Calling Bell"}],"items_purged_floors":[],"is_endless":false,"potions_floor_spawned":[2,8,11,16],"killed_by":"Gremlin Leader","ascension_level":15}