{"gold_per_floor":[215,230,8,22,38,69,81,120,186,229,241,253,275,307,319,409,421,446,348,376,407,429,441,453,164,164,196,196,226,226,252,252,324,374,385,365,376,386,398,430,442,57,131,151,165,199,211,242,242,242],"floor_reached":51,"playtime":2206,"items_purged":["Caltrops"],"score":1643,"play_id":"46e19180-7707-4aa2-b47e-392fee92cd01","local_time":"20220817165744","is_ascension_mode":true,"campfire_choices":[{"data":"Bane","floor":7.0,"key":"SMITH"},{"data":"Crippling Poison","floor":11.0,"key":"SMITH"},{"floor":15.0,"key":"REST"},{"data":"Neutralize","floor":23.0,"key":"SMITH"},{"data":"Well Laid Plans","floor":28.0,"key":"SMITH"},{"data":"Envenom","floor":32.0,"key":"SMITH"},{"data":"Malaise","floor":49,"key":"SMITH"}],"neow_cost":"NONE","seed_source_timestamp":27722961765400,"circlet_count":0,"master_deck":["AscendersBane","Strike_G+1","Defend_G","Defend_G","Defend_G","Defend_G","Defend_G","Survivor","Neutralize+1","Bane+1","Crippling Poison+1","Dodge and Roll","Well Laid Plans+1","Adrenaline","Poisoned Stab+1","Adrenaline","Bane+1","Dash","Noxious Fumes+1","Backstab","After Image","Heel Hook","Envenom+1","Doppelganger","Acrobatics+1","PiercingWail+1","Malaise+1","Blade Dance","Blade Dance","Parasite","Deflect"],"special_seed":0,"relics":["Ring of the Snake","TwistedFunnel","MawBank","Kunai","PreservedInsect","Snake Skull","Coffee Dripper","Sling","Vajra","Sundial","Mercury Hourglass","Orichalcum","Oddly Smooth Stone","Tiny House","Matryoshka","Du-Vu Doll","MealTicket","Blue Candle","Ornamental Fan","Shuriken"],"potions_floor_usage":[40,45,50,50],"damage_taken":[{"damage":0.0,"enemies":"2 Louse","floor":1.0,"turns":3.0},{"damage":0.0,"enemies":"Cultist","floor":2.0,"turns":5.0},{"damage":0.0,"enemies":"Small Slimes","floor":4.0,"turns":3.0},{"damage":0.0,"enemies":"Looter","floor":5.0,"turns":3.0},{"damage":27.0,"enemies":"Lagavulin","floor":6.0,"turns":8.0},{"damage":10.0,"enemies":"3 Sentries","floor":8.0,"turns":9.0},{"damage":0.0,"enemies":"Gremlin Nob","floor":10.0,"turns":3.0},{"damage":3.0,"enemies":"3 Louse","floor":13.0,"turns":2.0},{"damage":3.0,"enemies":"Gremlin Gang","floor":14.0,"turns":2.0},{"damage":12.0,"enemies":"The Guardian","floor":16.0,"turns":10.0},{"damage":0.0,"enemies":"Spheric Guardian","floor":18.0,"turns":4.0},{"damage":6.0,"enemies":"Chosen","floor":20.0,"turns":3.0},{"damage":1.0,"enemies":"Snake Plant","floor":21.0,"turns":4.0},{"damage":0.0,"enemies":"Centurion and Healer","floor":22.0,"turns":6.0},{"damage":0.0,"enemies":"Slavers","floor":27.0,"turns":3.0},{"damage":5.0,"enemies":"Book of Stabbing","floor":29.0,"turns":3.0},{"damage":0.0,"enemies":"Slavers","floor":31.0,"turns":2.0},{"damage":9.0,"enemies":"Champ","floor":33.0,"turns":8.0},{"damage":0.0,"enemies":"3 Shapes","floor":35.0,"turns":3.0},{"damage":0.0,"enemies":"3 Darklings","floor":37.0,"turns":3.0},{"damage":9.0,"enemies":"Maw","floor":38.0,"turns":6.0},{"damage":4.0,"enemies":"Jaw Worm Horde","floor":39.0,"turns":4.0},{"damage":3,"enemies":"Nemesis","floor":40,"turns":5},{"damage":6,"enemies":"3 Darklings","floor":41,"turns":6},{"damage":0,"enemies":"Transient","floor":44,"turns":5},{"damage":0,"enemies":"Writhing Mass","floor":45,"turns":4},{"damage":0,"enemies":"Reptomancer","floor":46,"turns":2},{"damage":0,"enemies":"3 Darklings","floor":47,"turns":3},{"damage":1,"enemies":"Giant Head","floor":48,"turns":5},{"damage":21,"enemies":"Time Eater","floor":50,"turns":10}],"seed_played":"-5712097820530288519","potions_obtained":[{"floor":6.0,"key":"Block Potion"},{"floor":8.0,"key":"CunningPotion"},{"floor":10.0,"key":"FearPotion"},{"floor":16.0,"key":"GhostInAJar"},{"floor":18.0,"key":"DuplicationPotion"},{"floor":21.0,"key":"Dexterity Potion"},{"floor":34.0,"key":"GhostInAJar"},{"floor":38.0,"key":"PowerPotion"},{"floor":39,"key":"Dexterity Potion"},{"floor":41,"key":"Block Potion"},{"floor":48,"key":"FearPotion"}],"is_trial":false,"path_per_floor":["M","M","$","M","M","E","R","E","T","E","R","?","M","M","R","B",null,"M","?","M","M","M","R","?","$","T","E","R","E","?","E","R","B",null,"M","?","M","M","M","E","M","$","T","M","M","E","M","E","R","B",null],"character_chosen":"THE_SILENT","items_purchased":["TwistedFunnel","Caltrops","Sling","Vajra","Du-Vu Doll"],"campfire_rested":1,"item_purchase_floors":[3,3,25,25,42],"current_hp_per_floor":[59,59,59,59,59,32,32,22,22,22,22,15,12,9,28,16,54,54,54,48,47,47,47,47,47,47,47,47,42,42,42,42,33,63,63,63,63,54,50,47,41,41,41,41,41,41,41,40,40,19],"gold":242,"neow_bonus":"HUNDRED_GOLD","is_prod":false,"is_daily":false,"chose_seed":false,"campfire_upgraded":6,"win_rate":0,"timestamp":1660780664,"path_taken":["M","M","$","M","M","E","R","E","T","E","R","?","M","M","R","BOSS","M","?","M","M","?","R","?","$","T","E","R","E","?","E","R","BOSS","M","?","M","M","M","E","?","$","T","M","M","E","M","E","R","BOSS"],"build_version":"2022-03-07","purchased_purges":1,"victory":true,"max_hp_per_floor":[66,66,66,66,66,66,66,66,66,66,66,66,66,66,66,66,66,66,66,66,66,66,66,66,66,66,66,66,66,66,66,66,66,71,71,71,71,71,71,71,71,71,71,71,71,71,71,71,71,71],"relic_stats":{"counters":[30,137],"Blue Candle":[1],"PreservedInsect":391,"Snake Skull":[264],"Orichalcum":[18],"MawBank":228,"Mercury Hourglass":[240],"Matryoshka":1,"Sundial":[8],"Ornamental Fan":[40],"Shuriken":[6],"MealTicket":0,"Kunai":[54],"obtain_stats":[{"TwistedFunnel":3,"Tiny House":34,"Blue Candle":43,"Vajra":25,"Oddly Smooth Stone":31,"PreservedInsect":9,"Snake Skull":10,"Orichalcum":29,"MawBank":6,"Sling":25,"Mercury Hourglass":27,"Du-Vu Doll":42,"Matryoshka":40,"Sundial":26,"Ornamental Fan":46,"Shuriken":48,"MealTicket":43,"Coffee Dripper":17,"Kunai":8,"Ring of the Snake":0},{"TwistedFunnel":2,"Tiny House":18,"Blue Candle":24,"Vajra":14,"Oddly Smooth Stone":17,"PreservedInsect":6,"Snake Skull":7,"Orichalcum":16,"MawBank":5,"Sling":14,"Mercury Hourglass":15,"Du-Vu Doll":24,"Matryoshka":23,"Sundial":14,"Ornamental Fan":27,"Shuriken":29,"MealTicket":24,"Coffee Dripper":10,"Kunai":6,"Ring of the Snake":0},{"TwistedFunnel":8,"Tiny House":81,"Blue Candle":108,"Vajra":65,"Oddly Smooth Stone":73,"PreservedInsect":31,"Snake Skull":34,"Orichalcum":71,"MawBank":22,"Sling":65,"Mercury Hourglass":68,"Du-Vu Doll":108,"Matryoshka":102,"Sundial":65,"Ornamental Fan":119,"Shuriken":127,"MealTicket":108,"Coffee Dripper":48,"Kunai":31,"Ring of the Snake":0}],"Ring of the Snake":[60]},"card_choices":[{"not_picked":["PiercingWail","Escape Plan"],"picked":"Bane","floor":1.0},{"not_picked":["Dagger Spray","Prepared"],"picked":"Crippling Poison","floor":2.0},{"not_picked":["Acrobatics","Eviscerate"],"picked":"Dodge and Roll","floor":4.0},{"not_picked":["PiercingWail","Dodge and Roll"],"picked":"Well Laid Plans","floor":5.0},{"not_picked":["Dagger Throw","Setup"],"picked":"Adrenaline","floor":6.0},{"not_picked":["Predator","Underhanded Strike"],"picked":"Poisoned Stab","floor":8.0},{"not_picked":["Acrobatics","Expertise","Riddle With Holes"],"picked":"SKIP","floor":10.0},{"not_picked":["Finisher","All Out Attack","Expertise"],"picked":"SKIP","floor":13.0},{"not_picked":["Predator","PiercingWail","Bane"],"picked":"SKIP","floor":14.0},{"not_picked":["Storm of Steel","Wraith Form v2"],"picked":"Adrenaline","floor":16.0},{"not_picked":["Acrobatics","Endless Agony"],"picked":"Bane+1","floor":18.0},{"not_picked":["Concentrate","Poisoned Stab"],"picked":"Dash","floor":20.0},{"not_picked":["Backflip","Sucker Punch"],"picked":"Noxious Fumes+1","floor":21.0},{"not_picked":["Dodge and Roll","Flying Knee+1"],"picked":"Backstab","floor":22.0},{"not_picked":["Underhanded Strike","Terror","Unload"],"picked":"SKIP","floor":27.0},{"not_picked":["Flying Knee","Outmaneuver","Prepared"],"picked":"SKIP","floor":29.0},{"not_picked":["Poisoned Stab","Dagger Spray+1"],"picked":"Envenom","floor":31.0},{"not_picked":["Grand Finale","Night Terror"],"picked":"Doppelganger","floor":33.0},{"not_picked":["Dash","Dagger Spray"],"picked":"Acrobatics+1","floor":34.0},{"not_picked":["Dash+1","Reflex","Flying Knee+1"],"picked":"SKIP","floor":35.0},{"not_picked":["Caltrops","Dagger Throw+1"],"picked":"PiercingWail+1","floor":37.0},{"not_picked":["Well Laid Plans","Dagger Spray","Skewer+1"],"picked":"SKIP","floor":38.0},{"not_picked":["Slice","Dodge and Roll+1"],"picked":"Malaise","floor":39},{"not_picked":["Heel Hook+1","Endless Agony"],"picked":"Blade Dance","floor":40},{"not_picked":["Underhanded Strike+1","Dagger Throw"],"picked":"Blade Dance","floor":41},{"not_picked":["Terror","Outmaneuver+1","Slice+1"],"picked":"SKIP","floor":44},{"not_picked":["Dagger Throw","Setup","Underhanded Strike+1"],"picked":"SKIP","floor":45},{"not_picked":["Sucker Punch","Flying Knee+1","PiercingWail"],"picked":"SKIP","floor":46},{"not_picked":["Sucker Punch","Blade Dance","Deadly Poison+1"],"picked":"SKIP","floor":47},{"not_picked":["PiercingWail","Flechettes+1"],"picked":"Deflect","floor":48}],"player_experience":5209994,"relics_obtained":[{"floor":6.0,"key":"MawBank"},{"floor":8.0,"key":"Kunai"},{"floor":9.0,"key":"PreservedInsect"},{"floor":10.0,"key":"Snake Skull"},{"floor":26.0,"key":"Sundial"},{"floor":27.0,"key":"Mercury Hourglass"},{"floor":29.0,"key":"Orichalcum"},{"floor":31.0,"key":"Oddly Smooth Stone"},{"floor":40,"key":"Matryoshka"},{"floor":43,"key":"MealTicket"},{"floor":43,"key":"Blue Candle"},{"floor":46,"key":"Ornamental Fan"},{"floor":48,"key":"Shuriken"}],"event_choices":[{"cards_removed":["Strike_G"],"damage_healed":0.0,"max_hp_gain":0.0,"max_hp_loss":0.0,"gold_gain":0.0,"event_name":"Golden Wing","player_choice":"Card Removal","floor":12.0,"gold_loss":0.0,"damage_taken":7.0},{"cards_removed":["Strike_G"],"damage_healed":0.0,"max_hp_gain":0.0,"max_hp_loss":0.0,"gold_gain":0.0,"event_name":"Designer","player_choice":"Upgrade and Remove","floor":19.0,"gold_loss":110.0,"damage_taken":0.0,"cards_upgraded":["Strike_G"]},{"damage_healed":0.0,"max_hp_gain":0.0,"max_hp_loss":0.0,"gold_gain":0.0,"cards_transformed":["Strike_G","Strike_G"],"event_name":"Drug Dealer","player_choice":"Became Test Subject","floor":24.0,"gold_loss":0.0,"damage_taken":0.0,"cards_obtained":["After Image","Heel Hook"]},{"damage_healed":0.0,"max_hp_gain":0.0,"max_hp_loss":0.0,"gold_gain":0.0,"event_name":"Cursed Tome","player_choice":"Ignored","floor":30.0,"gold_loss":0.0,"damage_taken":0.0},{"damage_healed":0.0,"max_hp_gain":0.0,"max_hp_loss":0.0,"gold_gain":0.0,"event_name":"The Woman in Blue","player_choice":"Bought 1 Potion","floor":36.0,"gold_loss":0.0,"damage_taken":0.0}],"is_beta":false,"boss_relics":[{"not_picked":["Empty Cage","Velvet Choker"],"picked":"Coffee Dripper"},{"not_picked":["HoveringKite","Runic Dome"],"picked":"Tiny House"}],"items_purged_floors":[42],"is_endless":false,"potions_floor_spawned":[6,8,10,16,18,21,27,31,35,38,39,41,48],"ascension_level":15}