{"gold_per_floor":[131,161,223,249,274,286,325,337,349,377,399,467,505,535,547,633,645,676,613,65,83,98,125,125,157,183,98,124,137,171,171,171,243,243,263,279,210,190,203,229,241,266,266,295,307,307,8,20,20,20],"floor_reached":51,"playtime":2393,"items_purged":["Strike_G"],"score":1753,"play_id":"f7fc4c9a-b2dd-4e7c-8f9f-4147124aecfa","local_time":"20220821203443","is_ascension_mode":true,"campfire_choices":[{"data":"Neutralize","floor":6.0,"key":"SMITH"},{"data":"Blade Dance","floor":8.0,"key":"SMITH"},{"data":"Terror","floor":15.0,"key":"SMITH"},{"data":"Well Laid Plans","floor":24,"key":"SMITH"},{"data":"J.A.X.","floor":32,"key":"SMITH"},{"data":"After Image","floor":46,"key":"SMITH"},{"data":"Footwork","floor":49,"key":"SMITH"}],"neow_cost":"NONE","seed_source_timestamp":386133315376000,"circlet_count":0,"master_deck":["AscendersBane","Defend_G","Defend_G","Defend_G","Defend_G","Defend_G","Survivor","Neutralize+1","Quick Slash","Flying Knee","Dagger Throw","Blade Dance+1","Burst","Terror+1","Predator","Blade Dance","Leg Sweep","Adrenaline","Wraith Form v2+1","Slice+1","Eviscerate+1","Backstab","Well Laid Plans+1","Dagger Spray","Deflect","Underhanded Strike+1","J.A.X.+1","After Image+1","PiercingWail","Footwork+1","Backflip+1","Blade Dance+1","Dodge and Roll","Escape Plan"],"special_seed":0,"relics":["Ring of the Snake","MawBank","HornCleat","Mummified Hand","Pear","Pen Nib","Astrolabe","Bronze Scales","Toy Ornithopter","Anchor","Regal Pillow","Boot","Akabeko","StrikeDummy","Red Mask","Philosopher\u0027s Stone","Sundial","Ancient Tea Set","FossilizedHelix","White Beast Statue","Happy Flower","Vajra"],"potions_floor_usage":[23,25,29,33,39,41,41,42,45,48,50,50],"damage_taken":[{"damage":0.0,"enemies":"Small Slimes","floor":1.0,"turns":6.0},{"damage":0.0,"enemies":"Cultist","floor":2.0,"turns":5.0},{"damage":6.0,"enemies":"Jaw Worm","floor":4.0,"turns":6.0},{"damage":3.0,"enemies":"Blue Slaver","floor":5.0,"turns":4.0},{"damage":10.0,"enemies":"3 Sentries","floor":7.0,"turns":7.0},{"damage":0.0,"enemies":"Exordium Wildlife","floor":10.0,"turns":3.0},{"damage":1.0,"enemies":"Looter","floor":11.0,"turns":2.0},{"damage":0.0,"enemies":"Gremlin Nob","floor":12.0,"turns":3.0},{"damage":0.0,"enemies":"Gremlin Nob","floor":13.0,"turns":3.0},{"damage":5.0,"enemies":"Large Slime","floor":14.0,"turns":4.0},{"damage":0.0,"enemies":"Hexaghost","floor":16.0,"turns":7.0},{"damage":0.0,"enemies":"Chosen","floor":18.0,"turns":3.0},{"damage":0.0,"enemies":"3 Byrds","floor":21.0,"turns":3.0},{"damage":0.0,"enemies":"Centurion and Healer","floor":22.0,"turns":4.0},{"damage":9,"enemies":"Gremlin Leader","floor":23,"turns":5},{"damage":4,"enemies":"Book of Stabbing","floor":25,"turns":3},{"damage":0,"enemies":"Slavers","floor":28,"turns":4},{"damage":0,"enemies":"Cultist and Chosen","floor":29,"turns":5},{"damage":0,"enemies":"Masked Bandits","floor":30,"turns":3},{"damage":45,"enemies":"Champ","floor":33,"turns":8},{"damage":0,"enemies":"3 Darklings","floor":35,"turns":4},{"damage":3,"enemies":"3 Shapes","floor":36,"turns":3},{"damage":3,"enemies":"Maw","floor":39,"turns":6},{"damage":3,"enemies":"Reptomancer","floor":40,"turns":5},{"damage":4,"enemies":"3 Darklings","floor":41,"turns":5},{"damage":0,"enemies":"Nemesis","floor":42,"turns":5},{"damage":12,"enemies":"Giant Head","floor":44,"turns":6},{"damage":0,"enemies":"4 Shapes","floor":45,"turns":4},{"damage":0,"enemies":"Jaw Worm Horde","floor":48,"turns":3},{"damage":9,"enemies":"Awakened One","floor":50,"turns":10}],"seed_played":"3783404630810303323","potions_obtained":[{"floor":1.0,"key":"DistilledChaos"},{"floor":7.0,"key":"Swift Potion"},{"floor":11.0,"key":"DuplicationPotion"},{"floor":12.0,"key":"EntropicBrew"},{"floor":21.0,"key":"SteroidPotion"},{"floor":22.0,"key":"DistilledChaos"},{"floor":23,"key":"ColorlessPotion"},{"floor":28,"key":"EntropicBrew"},{"floor":35,"key":"SkillPotion"},{"floor":41,"key":"FearPotion"},{"floor":42,"key":"SpeedPotion"},{"floor":45,"key":"Fruit Juice"},{"floor":48,"key":"DuplicationPotion"}],"is_trial":false,"path_per_floor":["M","M","?","M","M","R","E","R","T","M","M","?","E","M","R","B",null,"M","?","$","M","M","E","R","E","T","?","E","M","?","?","R","B",null,"M","M","$","?","M","E","M","E","T","E","M","R","$","M","R","B",null],"character_chosen":"THE_SILENT","items_purchased":["Backstab","Well Laid Plans","Bronze Scales","Toy Ornithopter","PowerPotion","Footwork","Happy Flower","Vajra"],"campfire_rested":0,"item_purchase_floors":[20,20,20,20,20,37,47,47],"current_hp_per_floor":[59,59,59,53,50,50,40,40,40,40,39,49,49,44,44,44,68,68,68,68,68,73,69,69,70,70,70,70,75,75,75,75,31,65,65,62,62,62,64,61,67,72,72,60,65,65,65,75,75,76],"gold":20,"neow_bonus":"RANDOM_COMMON_RELIC","is_prod":false,"is_daily":false,"chose_seed":false,"campfire_upgraded":7,"win_rate":0,"timestamp":1661139283,"path_taken":["M","M","?","M","M","R","E","R","T","M","?","?","E","M","R","BOSS","M","?","$","M","M","E","R","E","T","?","E","M","?","?","R","BOSS","M","M","$","?","M","E","M","E","T","E","?","R","$","M","R","BOSS"],"build_version":"2022-03-07","purchased_purges":1,"victory":true,"max_hp_per_floor":[66,66,66,66,66,66,66,66,66,66,66,76,76,76,76,76,76,76,76,76,76,76,76,76,76,76,76,76,76,76,76,76,76,76,76,76,76,76,76,76,76,76,76,76,76,76,76,81,81,81],"relic_stats":{"Regal Pillow":0,"Happy Flower":[4],"counters":[30,139],"Astrolabe":["Wraith Form v2","Slice","Eviscerate"],"Pen Nib":[35],"MawBank":240,"Boot":[66],"Ancient Tea Set":[4],"White Beast Statue":[0.0,0.0,0.0,0.2,0.0,0.6000000000000001,0.0,0.2,0.0,0.0,0.0,1.0],"Mummified Hand":[43],"Sundial":[2],"Bronze Scales":[288],"obtain_stats":[{"Regal Pillow":25,"Pear":12,"Happy Flower":47,"Astrolabe":17,"Vajra":47,"Pen Nib":13,"MawBank":0,"Boot":26,"Ancient Tea Set":42,"Akabeko":27,"White Beast Statue":44,"Anchor":23,"HornCleat":7,"Mummified Hand":9,"Sundial":40,"Bronze Scales":20,"Philosopher\u0027s Stone":34,"Red Mask":30,"StrikeDummy":28,"Toy Ornithopter":20,"FossilizedHelix":43,"Ring of the Snake":0},{"Regal Pillow":16,"Pear":8,"Happy Flower":28,"Astrolabe":11,"Vajra":28,"Pen Nib":9,"MawBank":0,"Boot":16,"Ancient Tea Set":26,"Akabeko":16,"White Beast Statue":27,"Anchor":15,"HornCleat":5,"Mummified Hand":5,"Sundial":24,"Bronze Scales":12,"Philosopher\u0027s Stone":20,"Red Mask":19,"StrikeDummy":17,"Toy Ornithopter":12,"FossilizedHelix":26,"Ring of the Snake":0},{"Regal Pillow":68,"Pear":36,"Happy Flower":126,"Astrolabe":50,"Vajra":126,"Pen Nib":39,"MawBank":0,"Boot":68,"Ancient Tea Set":116,"Akabeko":68,"White Beast Statue":122,"Anchor":65,"HornCleat":28,"Mummified Hand":28,"Sundial":106,"Bronze Scales":53,"Philosopher\u0027s Stone":88,"Red Mask":80,"StrikeDummy":72,"Toy Ornithopter":53,"FossilizedHelix":116,"Ring of the Snake":0}],"Toy Ornithopter":61,"FossilizedHelix":[10],"Ring of the Snake":[60]},"card_choices":[{"not_picked":["Distraction","Acrobatics"],"picked":"Quick Slash","floor":1.0},{"not_picked":["Infinite Blades","Cloak And Dagger"],"picked":"Flying Knee","floor":2.0},{"not_picked":["Slice","PiercingWail"],"picked":"Dagger Throw","floor":4.0},{"not_picked":["Acrobatics","PiercingWail"],"picked":"Blade Dance","floor":5.0},{"not_picked":["Reflex","Distraction"],"picked":"Burst","floor":7.0},{"not_picked":["All Out Attack","Finisher"],"picked":"Terror","floor":10.0},{"not_picked":["Infinite Blades","Prepared"],"picked":"Predator","floor":11.0},{"not_picked":["Deadly Poison","Bouncing Flask"],"picked":"Blade Dance","floor":12.0},{"not_picked":["Underhanded Strike","Crippling Poison"],"picked":"Leg Sweep","floor":13.0},{"not_picked":["Acrobatics","Eviscerate","Bane"],"picked":"SKIP","floor":14.0},{"not_picked":["Storm of Steel","Bullet Time"],"picked":"Adrenaline","floor":16.0},{"not_picked":["Flying Knee","Concentrate","Deadly Poison"],"picked":"SKIP","floor":18.0},{"not_picked":["Deadly Poison","Dagger Throw","Endless Agony"],"picked":"SKIP","floor":21.0},{"not_picked":["Choke","PiercingWail"],"picked":"Dagger Spray","floor":22.0},{"not_picked":["Terror","Unload","Predator"],"picked":"SKIP","floor":23},{"not_picked":["Backflip","Flechettes"],"picked":"Deflect","floor":25},{"not_picked":["Poisoned Stab","Underhanded Strike+1","Cloak And Dagger"],"picked":"SKIP","floor":28},{"not_picked":["Poisoned Stab","Cloak And Dagger"],"picked":"Underhanded Strike+1","floor":28},{"not_picked":["Quick Slash","Dodge and Roll","Masterful Stab"],"picked":"SKIP","floor":29},{"not_picked":["Corpse Explosion","Doppelganger"],"picked":"After Image","floor":33},{"not_picked":["Backflip","Caltrops"],"picked":"PiercingWail","floor":35},{"not_picked":["Flying Knee","Reflex","Outmaneuver"],"picked":"SKIP","floor":36},{"not_picked":["Well Laid Plans+1","Slice","Backstab+1"],"picked":"SKIP","floor":39},{"not_picked":["Prepared","Leg Sweep"],"picked":"Backflip+1","floor":40},{"not_picked":["Riddle With Holes","Terror+1"],"picked":"Blade Dance+1","floor":41},{"not_picked":["Escape Plan","Doppelganger"],"picked":"Dodge and Roll","floor":42},{"not_picked":["Caltrops","Dagger Throw","Cloak And Dagger"],"picked":"SKIP","floor":44},{"not_picked":["Dagger Throw","PiercingWail"],"picked":"Escape Plan","floor":45},{"not_picked":["Leg Sweep","Catalyst","Quick Slash+1"],"picked":"SKIP","floor":48}],"player_experience":5229676,"relics_obtained":[{"floor":7.0,"key":"HornCleat"},{"floor":9.0,"key":"Mummified Hand"},{"floor":12.0,"key":"Pear"},{"floor":13.0,"key":"Pen Nib"},{"floor":23,"key":"Anchor"},{"floor":25,"key":"Regal Pillow"},{"floor":26,"key":"Boot"},{"floor":28,"key":"StrikeDummy"},{"floor":30,"key":"Red Mask"},{"floor":40,"key":"Sundial"},{"floor":42,"key":"Ancient Tea Set"},{"floor":43,"key":"FossilizedHelix"},{"floor":44,"key":"White Beast Statue"}],"event_choices":[{"damage_healed":0.0,"max_hp_gain":0.0,"max_hp_loss":0.0,"gold_gain":50.0,"event_name":"Golden Shrine","player_choice":"Pray","floor":3.0,"gold_loss":0.0,"damage_taken":0.0},{"damage_healed":0.0,"max_hp_gain":0.0,"max_hp_loss":0.0,"gold_gain":30.0,"event_name":"Dead Adventurer","player_choice":"Searched \u00273\u0027 times","floor":12.0,"gold_loss":0.0,"damage_taken":0.0},{"cards_removed":["Strike_G"],"damage_healed":0.0,"max_hp_gain":0.0,"max_hp_loss":0.0,"gold_gain":0.0,"event_name":"Beggar","player_choice":"Gave Gold","floor":19.0,"gold_loss":75.0,"damage_taken":0.0},{"damage_healed":0,"gold_gain":0,"player_choice":"Obtained Relic","damage_taken":0,"relics_obtained":["Akabeko"],"max_hp_gain":0,"max_hp_loss":0,"event_name":"Addict","floor":27,"gold_loss":85},{"damage_healed":0,"gold_gain":0,"player_choice":"Fought Bandits","damage_taken":0,"max_hp_gain":0,"max_hp_loss":0,"event_name":"Masked Bandits","floor":30,"gold_loss":0},{"damage_healed":0,"gold_gain":0,"player_choice":"Obtain J.A.X.","damage_taken":0,"max_hp_gain":0,"max_hp_loss":0,"event_name":"Drug Dealer","floor":31,"gold_loss":0,"cards_obtained":["J.A.X."]},{"damage_healed":0,"gold_gain":0,"player_choice":"Bought 1 Potion","damage_taken":0,"max_hp_gain":0,"max_hp_loss":0,"event_name":"The Woman in Blue","floor":38,"gold_loss":0}],"is_beta":false,"boss_relics":[{"not_picked":["Coffee Dripper","SlaversCollar"],"picked":"Astrolabe"},{"not_picked":["Cursed Key","Fusion Hammer"],"picked":"Philosopher\u0027s Stone"}],"items_purged_floors":[20],"is_endless":false,"potions_floor_spawned":[1,7,11,12,21,22,23,28,30,35,41,42,45,48],"ascension_level":15}