{"gold_per_floor":[113,113,128,142,162,162,191,191,191,210,237,248,280,294,294,373,373,383,283,173,187,203,232,232,232,257,271,25,25,60,33,33,119,119,129,193,213,229,251,293,302,302,325,325,336,377,56,90,90,90],"floor_reached":51,"playtime":2072,"items_purged":["Strike_G","Strike_G"],"score":1532,"play_id":"6bbd57b2-e9be-4157-a8d9-5742bafe76c5","local_time":"20220831171925","is_ascension_mode":true,"campfire_choices":[{"data":"Dagger Spray","floor":6.0,"key":"SMITH"},{"floor":8.0,"key":"REST"},{"data":"Noxious Fumes","floor":15.0,"key":"SMITH"},{"data":"Caltrops","floor":25.0,"key":"SMITH"},{"data":"Backflip","floor":29.0,"key":"SMITH"},{"floor":32.0,"key":"REST"},{"data":"Footwork","floor":42.0,"key":"SMITH"},{"data":"Crippling Poison","floor":44.0,"key":"SMITH"},{"data":"Catalyst","floor":49,"key":"SMITH"}],"neow_cost":"NONE","seed_source_timestamp":317700901050200,"circlet_count":0,"master_deck":["AscendersBane","Strike_G","Defend_G","Defend_G","Defend_G","Defend_G","Defend_G","Survivor","Neutralize+1","Riddle With Holes+1","Dash+1","Dagger Spray+1","Dagger Throw","Noxious Fumes+1","Deflect","PiercingWail","Caltrops+1","Quick Slash","Corpse Explosion","Backflip+1","Distraction+1","Blur","Crippling Poison+1","Doppelganger","Blade Dance+1","Blur","Footwork+1","Doubt","Escape Plan","Catalyst+1","Noxious Fumes"],"special_seed":0,"relics":["Ring of the Snake","Blood Vial","Pen Nib","Singing Bowl","Toy Ornithopter","Busted Crown","Blue Candle","CeramicFish","Paper Crane","CaptainsWheel","SlaversCollar","StoneCalendar","StrikeDummy","Oddly Smooth Stone","Centennial Puzzle","Cauldron","Bottled Flame"],"potions_floor_usage":[50],"damage_taken":[{"damage":0.0,"enemies":"Cultist","floor":1.0,"turns":5.0},{"damage":0.0,"enemies":"2 Louse","floor":3.0,"turns":3.0},{"damage":0.0,"enemies":"Small Slimes","floor":4.0,"turns":3.0},{"damage":5.0,"enemies":"Gremlin Gang","floor":5.0,"turns":3.0},{"damage":39.0,"enemies":"Lagavulin","floor":7.0,"turns":9.0},{"damage":3.0,"enemies":"Red Slaver","floor":10.0,"turns":5.0},{"damage":2.0,"enemies":"Gremlin Nob","floor":11.0,"turns":3.0},{"damage":10.0,"enemies":"Exordium Thugs","floor":12.0,"turns":4.0},{"damage":0.0,"enemies":"3 Sentries","floor":13.0,"turns":5.0},{"damage":1.0,"enemies":"Looter","floor":14.0,"turns":2.0},{"damage":18.0,"enemies":"Slime Boss","floor":16.0,"turns":7.0},{"damage":1.0,"enemies":"Shell Parasite","floor":18.0,"turns":5.0},{"damage":11.0,"enemies":"2 Thieves","floor":21.0,"turns":3.0},{"damage":0.0,"enemies":"Centurion and Healer","floor":22.0,"turns":4.0},{"damage":20.0,"enemies":"Slavers","floor":23.0,"turns":3.0},{"damage":5.0,"enemies":"3 Cultists","floor":27.0,"turns":4.0},{"damage":0.0,"enemies":"Book of Stabbing","floor":30.0,"turns":6.0},{"damage":40.0,"enemies":"Automaton","floor":33.0,"turns":12.0},{"damage":11.0,"enemies":"3 Darklings","floor":35.0,"turns":4.0},{"damage":17.0,"enemies":"2 Orb Walkers","floor":36.0,"turns":4.0},{"damage":0.0,"enemies":"Orb Walker","floor":37.0,"turns":4.0},{"damage":37.0,"enemies":"3 Darklings","floor":38.0,"turns":3.0},{"damage":9.0,"enemies":"Sphere and 2 Shapes","floor":39.0,"turns":3.0},{"damage":13.0,"enemies":"Nemesis","floor":40.0,"turns":7.0},{"damage":16.0,"enemies":"Spire Growth","floor":45.0,"turns":7.0},{"damage":1.0,"enemies":"Giant Head","floor":46.0,"turns":10.0},{"damage":1,"enemies":"Reptomancer","floor":48,"turns":7},{"damage":10,"enemies":"Time Eater","floor":50,"turns":10}],"seed_played":"7736154113528048485","potions_obtained":[{"floor":4.0,"key":"CunningPotion"},{"floor":5.0,"key":"EssenceOfSteel"},{"floor":10.0,"key":"LiquidMemories"},{"floor":11.0,"key":"Block Potion"},{"floor":13.0,"key":"FearPotion"},{"floor":14.0,"key":"PowerPotion"},{"floor":18.0,"key":"Fire Potion"},{"floor":23.0,"key":"Energy Potion"},{"floor":35.0,"key":"SteroidPotion"},{"floor":38.0,"key":"Fire Potion"},{"floor":39.0,"key":"Energy Potion"},{"floor":45.0,"key":"Explosive Potion"},{"floor":46.0,"key":"Explosive Potion"},{"floor":47.0,"key":"GhostInAJar"},{"floor":47.0,"key":"GhostInAJar"}],"is_trial":false,"path_per_floor":["M","?","M","M","M","R","E","R","T","M","E","M","E","M","R","B",null,"M","$","?","M","M","E","?","R","T","M","$","R","E","$","R","B",null,"M","?","M","M","M","E","?","R","T","R","M","E","$","E","R","B",null],"character_chosen":"THE_SILENT","items_purchased":["Backflip","Paper Crane","Crippling Poison","Catalyst","Cauldron"],"campfire_rested":2,"item_purchase_floors":[19,28,31,47,47],"current_hp_per_floor":[59,59,59,59,54,54,15,34,34,33,33,25,27,30,30,19,56,59,59,59,57,59,48,48,48,48,47,47,47,49,49,71,36,66,59,44,48,15,13,12,82,82,82,82,68,69,69,70,70,67],"gold":90,"neow_bonus":"UPGRADE_CARD","is_prod":false,"is_daily":false,"chose_seed":false,"campfire_upgraded":7,"win_rate":0,"timestamp":1661991565,"path_taken":["M","?","M","M","M","R","E","R","T","?","E","M","E","M","R","BOSS","M","$","?","M","?","E","?","R","T","?","?","R","E","?","R","BOSS","M","?","M","M","M","E","?","R","T","R","M","E","$","E","R","BOSS"],"build_version":"2022-03-07","purchased_purges":2,"victory":true,"max_hp_per_floor":[66,66,66,66,66,66,66,66,66,66,66,66,66,68,68,68,68,70,70,70,72,72,74,74,74,74,76,76,76,76,76,76,76,76,78,78,80,82,82,82,82,82,82,82,84,84,84,84,84,84],"relic_stats":{"Singing Bowl":18,"counters":[28,145],"Blue Candle":[4],"CeramicFish":90,"StoneCalendar":[152],"Pen Nib":[20],"Blood Vial":44,"Cauldron":2,"Centennial Puzzle":[6],"Bottled Flame":"Neutralize","Busted Crown":34,"obtain_stats":[{"Singing Bowl":11,"Blue Candle":23,"CeramicFish":26,"Oddly Smooth Stone":43,"StoneCalendar":36,"Pen Nib":9,"Paper Crane":28,"Blood Vial":7,"SlaversCollar":34,"Cauldron":47,"CaptainsWheel":30,"Centennial Puzzle":46,"Bottled Flame":48,"Busted Crown":17,"StrikeDummy":40,"Toy Ornithopter":13,"Ring of the Snake":0},{"Singing Bowl":7,"Blue Candle":15,"CeramicFish":15,"Oddly Smooth Stone":24,"StoneCalendar":20,"Pen Nib":5,"Paper Crane":16,"Blood Vial":5,"SlaversCollar":18,"Cauldron":26,"CaptainsWheel":17,"Centennial Puzzle":26,"Bottled Flame":27,"Busted Crown":11,"StrikeDummy":24,"Toy Ornithopter":9,"Ring of the Snake":0},{"Singing Bowl":31,"Blue Candle":64,"CeramicFish":64,"Oddly Smooth Stone":111,"StoneCalendar":94,"Pen Nib":23,"Paper Crane":68,"Blood Vial":23,"SlaversCollar":86,"Cauldron":128,"CaptainsWheel":74,"Centennial Puzzle":128,"Bottled Flame":135,"Busted Crown":49,"StrikeDummy":111,"Toy Ornithopter":40,"Ring of the Snake":0}],"Toy Ornithopter":38,"Ring of the Snake":[56]},"card_choices":[{"not_picked":["Sucker Punch","Endless Agony"],"picked":"Riddle With Holes","floor":1.0},{"not_picked":["Poisoned Stab","Heel Hook"],"picked":"Dash","floor":3.0},{"not_picked":["Skewer","Heel Hook"],"picked":"Dagger Spray","floor":4.0},{"not_picked":["All Out Attack","Dodge and Roll"],"picked":"Dagger Throw","floor":5.0},{"not_picked":["Outmaneuver","Cloak And Dagger"],"picked":"Noxious Fumes","floor":7.0},{"not_picked":["Skewer","Terror"],"picked":"Deflect","floor":10.0},{"not_picked":["Outmaneuver","Deadly Poison"],"picked":"PiercingWail","floor":11.0},{"not_picked":["Infinite Blades","Concentrate"],"picked":"Caltrops","floor":12.0},{"not_picked":["Calculated Gamble","Dash"],"picked":"Quick Slash","floor":13.0},{"not_picked":["Flying Knee","PiercingWail","Dagger Throw"],"picked":"Singing Bowl","floor":14.0},{"not_picked":["Die Die Die","Envenom"],"picked":"Corpse Explosion","floor":16.0},{"not_picked":["Sucker Punch"],"picked":"Singing Bowl","floor":18.0},{"not_picked":["Bane"],"picked":"Singing Bowl","floor":21.0},{"not_picked":[],"picked":"Distraction+1","floor":22.0},{"not_picked":["Cloak And Dagger"],"picked":"Singing Bowl","floor":23.0},{"not_picked":["Noxious Fumes"],"picked":"Singing Bowl","floor":27.0},{"not_picked":[],"picked":"Blur","floor":30.0},{"not_picked":[],"picked":"Doppelganger","floor":33.0},{"not_picked":["Quick Slash"],"picked":"Singing Bowl","floor":35.0},{"not_picked":[],"picked":"Blade Dance+1","floor":36.0},{"not_picked":["Bane"],"picked":"Singing Bowl","floor":37.0},{"not_picked":["Blade Dance"],"picked":"Singing Bowl","floor":38.0},{"not_picked":[],"picked":"Blur","floor":39.0},{"not_picked":[],"picked":"Footwork","floor":40.0},{"not_picked":["Outmaneuver"],"picked":"Singing Bowl","floor":45.0},{"not_picked":[],"picked":"Escape Plan","floor":46.0},{"not_picked":[],"picked":"Noxious Fumes","floor":48}],"player_experience":5255338,"relics_obtained":[{"floor":7.0,"key":"Blood Vial"},{"floor":9.0,"key":"Pen Nib"},{"floor":11.0,"key":"Singing Bowl"},{"floor":13.0,"key":"Toy Ornithopter"},{"floor":23.0,"key":"Blue Candle"},{"floor":26.0,"key":"CeramicFish"},{"floor":30.0,"key":"CaptainsWheel"},{"floor":36.0,"key":"StoneCalendar"},{"floor":40.0,"key":"StrikeDummy"},{"floor":43.0,"key":"Oddly Smooth Stone"},{"floor":46.0,"key":"Centennial Puzzle"},{"floor":48,"key":"Bottled Flame"}],"event_choices":[{"damage_healed":0.0,"max_hp_gain":0.0,"max_hp_loss":0.0,"gold_gain":0.0,"event_name":"Accursed Blacksmith","player_choice":"Forge","floor":2.0,"gold_loss":0.0,"damage_taken":0.0,"cards_upgraded":["Riddle With Holes"]},{"cards_removed":["Strike_G"],"damage_healed":0.0,"max_hp_gain":0.0,"max_hp_loss":0.0,"gold_gain":0.0,"event_name":"Designer","player_choice":"Upgrade and Remove","floor":20.0,"gold_loss":110.0,"damage_taken":0.0,"cards_upgraded":["Dash"]},{"cards_removed":["Strike_G"],"damage_healed":0.0,"max_hp_gain":0.0,"max_hp_loss":0.0,"gold_gain":0.0,"event_name":"Purifier","player_choice":"Purged","floor":24.0,"gold_loss":0.0,"damage_taken":0.0},{"damage_healed":0.0,"max_hp_gain":0.0,"max_hp_loss":0.0,"gold_gain":0.0,"event_name":"Mysterious Sphere","player_choice":"Fight","floor":36.0,"gold_loss":0.0,"damage_taken":0.0},{"damage_healed":70.0,"max_hp_gain":0.0,"max_hp_loss":0.0,"gold_gain":0.0,"event_name":"MindBloom","player_choice":"Heal","floor":41.0,"gold_loss":0.0,"damage_taken":0.0,"cards_obtained":["Doubt"]}],"is_beta":false,"boss_relics":[{"not_picked":["Astrolabe","Pandora\u0027s Box"],"picked":"Busted Crown"},{"not_picked":["Philosopher\u0027s Stone","Ring of the Serpent"],"picked":"SlaversCollar"}],"items_purged_floors":[19,47],"is_endless":false,"potions_floor_spawned":[4,5,10,11,13,14,18,23,35,38,39,45,46],"ascension_level":15}