{"gold_per_floor":[112,112,122,87,87,105,105,133,133,151,151,179,28,57,57,134,134,145,160,160,160,184,184,43,73,73,98,110,145,145,159,159,232,232,250,269,9,21,46,72,72,105,105,35,35,62,62,76,76,76],"floor_reached":51,"playtime":2155,"items_purged":["Strike_G","Parasite","Strike_G"],"score":1510,"play_id":"4d9c6441-a422-4a67-be56-bcfd449ef8f5","local_time":"20220827143344","is_ascension_mode":true,"campfire_choices":[{"data":"Skewer","floor":7.0,"key":"SMITH"},{"data":"Footwork","floor":15.0,"key":"SMITH"},{"data":"Phantasmal Killer","floor":23.0,"key":"SMITH"},{"data":"Well Laid Plans","floor":30,"key":"SMITH"},{"data":"Cloak And Dagger","floor":32,"key":"SMITH"},{"data":"Accuracy","floor":45,"key":"SMITH"},{"data":"Cloak And Dagger","floor":49,"key":"SMITH"}],"neow_cost":"NONE","seed_source_timestamp":13620754185800,"circlet_count":0,"master_deck":["AscendersBane","Strike_G","Strike_G+1","Defend_G","Defend_G","Defend_G","Defend_G+1","Defend_G","Survivor","Skewer+1","Blade Dance+1","Dagger Throw","All Out Attack","Predator","Calculated Gamble","Footwork+1","Escape Plan","Phantasmal Killer+1","Well Laid Plans+1","Backflip","Accuracy+1","Terror","Parasite","PiercingWail","Cloak And Dagger+1","Phantasmal Killer","Backflip","Finesse","Cloak And Dagger+1","Infinite Blades","Choke+1","Acrobatics"],"special_seed":0,"relics":["Ring of the Snake","Blue Candle","Pantograph","Tiny Chest","Bottled Flame","Cursed Key","MutagenicStrength","PreservedInsect","Kunai","Toy Ornithopter","FossilizedHelix","Centennial Puzzle","Busted Crown","The Specimen","Lantern","Dream Catcher","Snake Skull"],"potions_floor_usage":[29,40,50,50],"damage_taken":[{"damage":2.0,"enemies":"Small Slimes","floor":1.0,"turns":4.0},{"damage":0.0,"enemies":"2 Louse","floor":3.0,"turns":3.0},{"damage":0.0,"enemies":"Jaw Worm","floor":6.0,"turns":4.0},{"damage":15.0,"enemies":"3 Sentries","floor":8.0,"turns":5.0},{"damage":3.0,"enemies":"Looter","floor":10.0,"turns":2.0},{"damage":7.0,"enemies":"Gremlin Nob","floor":12.0,"turns":3.0},{"damage":0.0,"enemies":"Lagavulin","floor":14.0,"turns":8.0},{"damage":30.0,"enemies":"The Guardian","floor":16.0,"turns":15.0},{"damage":0.0,"enemies":"Spheric Guardian","floor":18.0,"turns":2.0},{"damage":0.0,"enemies":"Shell Parasite","floor":19.0,"turns":5.0},{"damage":5.0,"enemies":"Slavers","floor":25.0,"turns":3.0},{"damage":1.0,"enemies":"Gremlin Leader","floor":27.0,"turns":6.0},{"damage":0,"enemies":"Snake Plant","floor":28,"turns":2},{"damage":9,"enemies":"Slavers","floor":29,"turns":3},{"damage":7,"enemies":"3 Cultists","floor":31,"turns":4},{"damage":3,"enemies":"Champ","floor":33,"turns":11},{"damage":0,"enemies":"Orb Walker","floor":35,"turns":2},{"damage":1,"enemies":"3 Darklings","floor":36,"turns":5},{"damage":4,"enemies":"Jaw Worm Horde","floor":38,"turns":4},{"damage":0,"enemies":"Mind Bloom Boss Battle","floor":39,"turns":5},{"damage":7,"enemies":"Giant Head","floor":40,"turns":5},{"damage":1,"enemies":"Reptomancer","floor":42,"turns":5},{"damage":9,"enemies":"Nemesis","floor":46,"turns":5},{"damage":0,"enemies":"Transient","floor":48,"turns":5},{"damage":32,"enemies":"Donu and Deca","floor":50,"turns":7}],"seed_played":"-536790177960739625","potions_obtained":[{"floor":1.0,"key":"Strength Potion"},{"floor":10.0,"key":"EssenceOfSteel"},{"floor":12.0,"key":"Swift Potion"},{"floor":14.0,"key":"AttackPotion"},{"floor":19.0,"key":"SmokeBomb"},{"floor":28,"key":"Weak Potion"},{"floor":29,"key":"AttackPotion"},{"floor":33,"key":"SteroidPotion"},{"floor":40,"key":"SpeedPotion"},{"floor":46,"key":"Ancient Potion"}],"is_trial":false,"path_per_floor":["M","?","M","?","?","M","R","E","T","M","?","E","$","E","R","B",null,"M","M","?","?","T","R","$","E","T","E","M","E","R","M","R","B",null,"M","M","$","M","?","E","?","E","T","$","R","E","?","M","R","B",null],"character_chosen":"THE_SILENT","items_purchased":["Footwork","Accuracy","Finesse","Cloak And Dagger","Infinite Blades"],"campfire_rested":0,"item_purchase_floors":[13,24,37,37,44],"current_hp_per_floor":[57,37,37,53,53,53,53,38,38,35,28,21,21,21,21,16,54,54,54,54,54,54,54,54,49,49,48,48,44,44,37,37,59,62,62,61,61,57,63,56,56,55,55,55,55,46,46,46,46,28],"gold":76,"neow_bonus":"UPGRADE_CARD","is_prod":false,"is_daily":false,"chose_seed":false,"campfire_upgraded":7,"win_rate":0,"timestamp":1661636024,"path_taken":["M","?","M","?","?","M","R","E","T","M","?","E","?","E","R","BOSS","M","M","?","?","?","R","$","E","T","E","M","E","R","M","R","BOSS","M","M","$","M","?","E","?","E","T","$","R","E","?","M","R","BOSS"],"build_version":"2022-03-07","purchased_purges":3,"victory":true,"max_hp_per_floor":[66,66,66,66,66,66,66,66,66,66,66,66,66,66,66,66,66,66,66,66,66,66,66,63,63,63,63,63,63,63,63,63,63,63,63,63,63,63,63,63,60,60,60,60,60,60,60,60,60,60],"relic_stats":{"The Specimen":[0],"counters":[25,123],"Blue Candle":[7],"PreservedInsect":372,"Snake Skull":[0],"Cursed Key":2,"Bottled Flame":"Skewer","Centennial Puzzle":[24],"Dream Catcher":0,"Busted Crown":16,"Pantograph":70,"Tiny Chest":1,"Kunai":[53],"obtain_stats":[{"Lantern":40,"The Specimen":39,"Blue Candle":8,"PreservedInsect":22,"Snake Skull":46,"Cursed Key":17,"Bottled Flame":14,"Centennial Puzzle":29,"Dream Catcher":42,"Busted Crown":34,"Pantograph":9,"MutagenicStrength":21,"Tiny Chest":12,"Kunai":25,"Toy Ornithopter":26,"FossilizedHelix":27,"Ring of the Snake":0},{"Lantern":21,"The Specimen":20,"Blue Candle":4,"PreservedInsect":10,"Snake Skull":23,"Cursed Key":8,"Bottled Flame":7,"Centennial Puzzle":14,"Dream Catcher":22,"Busted Crown":16,"Pantograph":4,"MutagenicStrength":10,"Tiny Chest":6,"Kunai":11,"Toy Ornithopter":11,"FossilizedHelix":12,"Ring of the Snake":0},{"Lantern":101,"The Specimen":96,"Blue Candle":16,"PreservedInsect":51,"Snake Skull":111,"Cursed Key":44,"Bottled Flame":29,"Centennial Puzzle":65,"Dream Catcher":106,"Busted Crown":80,"Pantograph":16,"MutagenicStrength":51,"Tiny Chest":21,"Kunai":54,"Toy Ornithopter":54,"FossilizedHelix":60,"Ring of the Snake":0}],"Toy Ornithopter":5,"FossilizedHelix":[73],"Ring of the Snake":[50]},"card_choices":[{"not_picked":["Concentrate","Underhanded Strike"],"picked":"Skewer","floor":1.0},{"not_picked":["Concentrate","Bane"],"picked":"Blade Dance","floor":3.0},{"not_picked":["Flying Knee","Acrobatics"],"picked":"Dagger Throw","floor":6.0},{"not_picked":["Catalyst","Acrobatics"],"picked":"All Out Attack","floor":8.0},{"not_picked":["Heel Hook","Blade Dance"],"picked":"Predator","floor":10.0},{"not_picked":["Distraction","Masterful Stab"],"picked":"Calculated Gamble","floor":12.0},{"not_picked":["Dagger Throw","Reflex"],"picked":"Escape Plan","floor":14.0},{"not_picked":["Die Die Die","Night Terror"],"picked":"Phantasmal Killer","floor":16.0},{"not_picked":["Dagger Spray","Dagger Throw"],"picked":"Well Laid Plans","floor":18.0},{"not_picked":["Prepared","Blade Dance"],"picked":"Backflip","floor":19.0},{"not_picked":["Quick Slash","Bane"],"picked":"Terror","floor":25.0},{"not_picked":["Riddle With Holes","Tactician","Masterful Stab"],"picked":"SKIP","floor":27},{"not_picked":["Crippling Poison","Acrobatics"],"picked":"PiercingWail","floor":28},{"not_picked":["Bouncing Flask","Underhanded Strike","Heel Hook"],"picked":"SKIP","floor":29},{"not_picked":["Bouncing Flask","Underhanded Strike","Heel Hook"],"picked":"SKIP","floor":29},{"not_picked":["Outmaneuver","Sucker Punch"],"picked":"Cloak And Dagger","floor":31},{"not_picked":["Corpse Explosion","Bullet Time"],"picked":"Phantasmal Killer","floor":33},{"not_picked":["Bane"],"picked":"SKIP","floor":35},{"not_picked":[],"picked":"Backflip","floor":36},{"not_picked":["Bane"],"picked":"SKIP","floor":38},{"not_picked":["Prepared"],"picked":"SKIP","floor":40},{"not_picked":["Dash"],"picked":"SKIP","floor":42},{"not_picked":[],"picked":"Choke+1","floor":46},{"not_picked":[],"picked":"Acrobatics","floor":48}],"player_experience":5238700,"relics_obtained":[{"floor":8.0,"key":"Blue Candle"},{"floor":9.0,"key":"Pantograph"},{"floor":12.0,"key":"Tiny Chest"},{"floor":14.0,"key":"Bottled Flame"},{"floor":22.0,"key":"PreservedInsect"},{"floor":25.0,"key":"Kunai"},{"floor":26.0,"key":"Toy Ornithopter"},{"floor":27,"key":"FossilizedHelix"},{"floor":29,"key":"Centennial Puzzle"},{"floor":39,"key":"The Specimen"},{"floor":40,"key":"Lantern"},{"floor":42,"key":"Dream Catcher"},{"floor":46,"key":"Snake Skull"}],"event_choices":[{"damage_healed":0.0,"max_hp_gain":0.0,"max_hp_loss":0.0,"gold_gain":0.0,"event_name":"Shining Light","player_choice":"Entered Light","floor":2.0,"gold_loss":0.0,"damage_taken":20.0,"cards_upgraded":["Strike_G","Defend_G"]},{"damage_healed":16.0,"max_hp_gain":0.0,"max_hp_loss":0.0,"gold_gain":0.0,"event_name":"The Cleric","player_choice":"Healed","floor":4.0,"gold_loss":35.0,"damage_taken":0.0},{"damage_healed":0.0,"max_hp_gain":0.0,"max_hp_loss":0.0,"gold_gain":0.0,"event_name":"Living Wall","player_choice":"Grow","floor":5.0,"gold_loss":0.0,"damage_taken":0.0,"cards_upgraded":["Blade Dance"]},{"cards_removed":["Strike_G"],"damage_healed":0.0,"max_hp_gain":0.0,"max_hp_loss":0.0,"gold_gain":0.0,"event_name":"Golden Wing","player_choice":"Card Removal","floor":11.0,"gold_loss":0.0,"damage_taken":7.0},{"damage_healed":0.0,"max_hp_gain":0.0,"max_hp_loss":0.0,"gold_gain":0.0,"event_name":"Vampires","player_choice":"Ignored","floor":20.0,"gold_loss":0.0,"damage_taken":0.0},{"damage_healed":0.0,"max_hp_gain":0.0,"max_hp_loss":0.0,"gold_gain":0.0,"event_name":"Drug Dealer","player_choice":"Inject Mutagens","floor":21.0,"gold_loss":0.0,"damage_taken":0.0,"relics_obtained":["MutagenicStrength"]},{"damage_healed":0,"gold_gain":0,"player_choice":"Fight","damage_taken":0,"max_hp_gain":0,"max_hp_loss":0,"event_name":"MindBloom","floor":39,"gold_loss":0},{"damage_healed":0,"gold_gain":0,"player_choice":"Max HP","damage_taken":0,"max_hp_gain":0,"max_hp_loss":3,"event_name":"Winding Halls","floor":41,"gold_loss":0},{"cards_removed":["Neutralize"],"damage_healed":0,"gold_gain":0,"player_choice":"Removed Attack","damage_taken":0,"max_hp_gain":0,"max_hp_loss":0,"event_name":"Falling","floor":47,"gold_loss":0}],"is_beta":false,"boss_relics":[{"not_picked":["Ectoplasm","Coffee Dripper"],"picked":"Cursed Key"},{"not_picked":["Tiny House","Fusion Hammer"],"picked":"Busted Crown"}],"items_purged_floors":[13,24,37],"is_endless":false,"potions_floor_spawned":[1,10,12,14,19,28,29,33,36,40,46],"ascension_level":15}