{"gold_per_floor":[215,231,40,57,73,99,99,99,170,170,189,221,221,256,256,332,332,342,361,361,374,389,389,422,422,422,454,508,558,591,607,607,681,681,693,693,693,121,131,131,162,162,187,28,77,77,97,115,115,115],"floor_reached":51,"playtime":1859,"items_purged":["Strike_G","Strike_G"],"score":1455,"play_id":"6dd0827e-cc9c-48ae-b295-d3fec6be6b59","local_time":"20220830182902","is_ascension_mode":true,"campfire_choices":[{"data":"Neutralize","floor":7.0,"key":"SMITH"},{"data":"Blade Dance","floor":10.0,"key":"SMITH"},{"data":"A Thousand Cuts","floor":15.0,"key":"SMITH"},{"floor":23.0,"key":"REST"},{"data":"Accuracy","floor":25.0,"key":"SMITH"},{"data":"Well Laid Plans","floor":32.0,"key":"SMITH"},{"data":"Footwork","floor":40,"key":"SMITH"},{"data":"Footwork","floor":42,"key":"SMITH"},{"data":"Accuracy","floor":46,"key":"SMITH"},{"data":"Blade Dance","floor":49,"key":"SMITH"}],"neow_cost":"NONE","seed_source_timestamp":235671872630100,"circlet_count":0,"master_deck":["AscendersBane","Strike_G","Strike_G","Defend_G","Defend_G","Defend_G","Defend_G","Defend_G","Survivor","Neutralize+1","Accuracy+1","All Out Attack","Blade Dance+1","Predator","Slice","Acrobatics","Deflect","A Thousand Cuts+1","Glass Knife","CurseOfTheBell","Prepared+1","Leg Sweep","Well Laid Plans+1","Footwork+1","Phantasmal Killer","Wraith Form v2","Footwork+1","Dodge and Roll+1","Dodge and Roll","Blade Dance+1","Backflip","Accuracy+1"],"special_seed":0,"relics":["Ring of the Snake","PreservedInsect","Pocketwatch","Ninja Scroll","The Courier","Meat on the Bone","Tingsha","Calling Bell","Happy Flower","Letter Opener","Prayer Wheel","Pen Nib","Mummified Hand","Lantern","Ancient Tea Set","Ornamental Fan","Philosopher\u0027s Stone","Bottled Flame","Vajra","FossilizedHelix","Oddly Smooth Stone","Toy Ornithopter","Ginger"],"potions_floor_usage":[33,33],"damage_taken":[{"damage":1.0,"enemies":"Cultist","floor":1.0,"turns":5.0},{"damage":0.0,"enemies":"2 Louse","floor":2.0,"turns":4.0},{"damage":0.0,"enemies":"Jaw Worm","floor":4.0,"turns":3.0},{"damage":4.0,"enemies":"Lots of Slimes","floor":5.0,"turns":4.0},{"damage":18.0,"enemies":"Gremlin Nob","floor":6.0,"turns":3.0},{"damage":11.0,"enemies":"Exordium Thugs","floor":11.0,"turns":3.0},{"damage":0.0,"enemies":"Lagavulin","floor":12.0,"turns":3.0},{"damage":7.0,"enemies":"3 Sentries","floor":14.0,"turns":5.0},{"damage":10.0,"enemies":"Hexaghost","floor":16.0,"turns":6.0},{"damage":1.0,"enemies":"Spheric Guardian","floor":18.0,"turns":3.0},{"damage":0.0,"enemies":"3 Byrds","floor":19.0,"turns":2.0},{"damage":9.0,"enemies":"Snake Plant","floor":21.0,"turns":4.0},{"damage":46.0,"enemies":"Snecko","floor":22.0,"turns":5.0},{"damage":0.0,"enemies":"Gremlin Leader","floor":24.0,"turns":3.0},{"damage":15.0,"enemies":"Slavers","floor":27.0,"turns":3.0},{"damage":0.0,"enemies":"Book of Stabbing","floor":30.0,"turns":3.0},{"damage":9.0,"enemies":"Centurion and Healer","floor":31.0,"turns":5.0},{"damage":35,"enemies":"Automaton","floor":33,"turns":12},{"damage":1,"enemies":"3 Darklings","floor":35,"turns":3},{"damage":1,"enemies":"3 Shapes","floor":39,"turns":5},{"damage":0,"enemies":"Reptomancer","floor":41,"turns":6},{"damage":0,"enemies":"2 Orb Walkers","floor":45,"turns":2},{"damage":0,"enemies":"Sphere and 2 Shapes","floor":47,"turns":4},{"damage":0,"enemies":"Jaw Worm Horde","floor":48,"turns":3},{"damage":1,"enemies":"Donu and Deca","floor":50,"turns":7}],"seed_played":"-4872721347316170270","potions_obtained":[{"floor":2.0,"key":"BlessingOfTheForge"},{"floor":4.0,"key":"SpeedPotion"},{"floor":6.0,"key":"EntropicBrew"},{"floor":14.0,"key":"PowerPotion"},{"floor":24.0,"key":"Dexterity Potion"},{"floor":27.0,"key":"EssenceOfSteel"},{"floor":30.0,"key":"SkillPotion"},{"floor":35,"key":"SneckoOil"},{"floor":41,"key":"GhostInAJar"}],"is_trial":false,"path_per_floor":["M","M","$","M","M","E","R","T","T","R","M","E","?","E","R","B",null,"M","M","?","M","M","R","E","R","T","E","T","?","E","M","R","B",null,"M","T","?","$","M","R","E","R","T","$","?","R","M","M","R","B",null],"character_chosen":"THE_SILENT","items_purchased":["Blade Dance","PreservedInsect","Vajra","FossilizedHelix","Oddly Smooth Stone","SteroidPotion","Blade Dance","Backflip"],"campfire_rested":1,"item_purchase_floors":[3,3,38,38,38,38,44,44],"current_hp_per_floor":[58,58,58,58,54,36,36,36,36,36,25,25,25,30,30,32,58,57,57,57,48,14,33,45,45,45,42,42,36,36,39,39,16,54,53,53,53,53,52,52,52,52,52,52,52,52,52,52,52,51],"gold":115,"neow_bonus":"HUNDRED_GOLD","is_prod":false,"is_daily":false,"chose_seed":false,"campfire_upgraded":9,"win_rate":0,"timestamp":1661909342,"path_taken":["M","M","$","M","M","E","R","?","T","R","M","E","?","E","R","BOSS","M","M","?","M","?","R","E","R","T","E","?","?","E","M","R","BOSS","M","?","?","$","M","R","E","R","T","$","?","R","M","?","R","BOSS"],"build_version":"2022-03-07","purchased_purges":2,"victory":true,"max_hp_per_floor":[66,66,66,66,66,66,66,66,66,66,66,66,66,66,66,66,66,66,66,66,66,66,66,66,66,66,66,66,66,66,66,66,66,66,66,66,66,66,66,66,66,66,66,66,66,66,66,66,66,66],"relic_stats":{"Happy Flower":[23],"counters":[25,106],"Tingsha":[160],"PreservedInsect":279,"The Courier":182,"Pen Nib":[16],"Letter Opener":[174],"Ginger":[0],"Ancient Tea Set":[10],"Bottled Flame":"Predator","Mummified Hand":[54],"Ornamental Fan":[124],"Prayer Wheel":9,"obtain_stats":[{"Lantern":27,"Happy Flower":17,"Vajra":38,"Oddly Smooth Stone":38,"Tingsha":14,"PreservedInsect":3,"The Courier":9,"Pen Nib":24,"Letter Opener":17,"Ginger":45,"Ancient Tea Set":28,"Calling Bell":17,"Bottled Flame":36,"Ninja Scroll":8,"Mummified Hand":26,"Ornamental Fan":30,"Prayer Wheel":17,"Philosopher\u0027s Stone":34,"FossilizedHelix":38,"Toy Ornithopter":43,"Ring of the Snake":0,"Pocketwatch":6,"Meat on the Bone":12},{"Lantern":15,"Happy Flower":9,"Vajra":19,"Oddly Smooth Stone":19,"Tingsha":8,"PreservedInsect":2,"The Courier":5,"Pen Nib":14,"Letter Opener":9,"Ginger":22,"Ancient Tea Set":15,"Calling Bell":9,"Bottled Flame":19,"Ninja Scroll":5,"Mummified Hand":14,"Ornamental Fan":16,"Prayer Wheel":9,"Philosopher\u0027s Stone":18,"FossilizedHelix":19,"Toy Ornithopter":21,"Ring of the Snake":0,"Pocketwatch":5,"Meat on the Bone":7},{"Lantern":56,"Happy Flower":36,"Vajra":79,"Oddly Smooth Stone":79,"Tingsha":30,"PreservedInsect":9,"The Courier":19,"Pen Nib":53,"Letter Opener":36,"Ginger":92,"Ancient Tea Set":56,"Calling Bell":36,"Bottled Flame":79,"Ninja Scroll":19,"Mummified Hand":53,"Ornamental Fan":59,"Prayer Wheel":36,"Philosopher\u0027s Stone":76,"FossilizedHelix":79,"Toy Ornithopter":90,"Ring of the Snake":0,"Pocketwatch":19,"Meat on the Bone":25}],"FossilizedHelix":[30],"Toy Ornithopter":0,"Ring of the Snake":[50],"Pocketwatch":[48],"Meat on the Bone":84},"card_choices":[{"not_picked":["Acrobatics","Infinite Blades"],"picked":"Accuracy","floor":1.0},{"not_picked":["Poisoned Stab","Concentrate"],"picked":"All Out Attack","floor":2.0},{"not_picked":["Choke","Outmaneuver"],"picked":"Predator","floor":4.0},{"not_picked":["Choke","Grand Finale"],"picked":"Quick Slash","floor":5.0},{"not_picked":["Bane","Expertise"],"picked":"Slice","floor":6.0},{"not_picked":["Eviscerate","Deadly Poison"],"picked":"Acrobatics","floor":11.0},{"not_picked":["Flying Knee","Tactician"],"picked":"Deflect","floor":12.0},{"not_picked":["Flying Knee","Poisoned Stab"],"picked":"A Thousand Cuts","floor":14.0},{"not_picked":["Night Terror","A Thousand Cuts"],"picked":"Glass Knife","floor":16.0},{"not_picked":["Slice","Backflip"],"picked":"Prepared+1","floor":18.0},{"not_picked":["Dodge and Roll","Deadly Poison","Poisoned Stab"],"picked":"SKIP","floor":18.0},{"not_picked":["Catalyst","Envenom","Dodge and Roll"],"picked":"SKIP","floor":19.0},{"not_picked":["Dagger Throw+1","Acrobatics","Bullet Time"],"picked":"SKIP","floor":19.0},{"not_picked":["Underhanded Strike","Dagger Spray","Bane+1"],"picked":"SKIP","floor":21.0},{"not_picked":["Poisoned Stab+1","Quick Slash","Dagger Throw"],"picked":"SKIP","floor":21.0},{"not_picked":["Acrobatics","Slice"],"picked":"Leg Sweep","floor":22.0},{"not_picked":["Skewer","Prepared","Eviscerate"],"picked":"SKIP","floor":22.0},{"not_picked":["Flying Knee","Accuracy","Outmaneuver"],"picked":"SKIP","floor":24.0},{"not_picked":["Finisher","Backflip"],"picked":"Well Laid Plans","floor":27.0},{"not_picked":["Slice","Escape Plan"],"picked":"Footwork","floor":30.0},{"not_picked":["Terror","Outmaneuver"],"picked":"Phantasmal Killer","floor":31.0},{"not_picked":["Outmaneuver","Flying Knee","Deadly Poison"],"picked":"SKIP","floor":31.0},{"not_picked":["Bullet Time","Corpse Explosion"],"picked":"Wraith Form v2","floor":33},{"not_picked":["PiercingWail","Dodge and Roll"],"picked":"Footwork","floor":35},{"not_picked":["Caltrops","Quick Slash"],"picked":"Dodge and Roll+1","floor":35},{"not_picked":["Flying Knee","Poisoned Stab+1"],"picked":"Dodge and Roll","floor":39},{"not_picked":["Endless Agony","Flying Knee","Footwork"],"picked":"SKIP","floor":39},{"not_picked":["Skewer","Terror","Prepared"],"picked":"SKIP","floor":41},{"not_picked":["Cloak And Dagger","Poisoned Stab"],"picked":"Accuracy","floor":45},{"not_picked":["Blade Dance","Flying Knee","Finisher+1"],"picked":"SKIP","floor":47},{"not_picked":["Acrobatics","Catalyst","Dagger Spray+1"],"picked":"SKIP","floor":47},{"not_picked":["Slice","Dash+1","Poisoned Stab+1"],"picked":"SKIP","floor":48},{"not_picked":["Prepared","Grand Finale","Bane"],"picked":"SKIP","floor":48}],"player_experience":5253479,"relics_obtained":[{"floor":6.0,"key":"Pocketwatch"},{"floor":8.0,"key":"Ninja Scroll"},{"floor":9.0,"key":"The Courier"},{"floor":12.0,"key":"Meat on the Bone"},{"floor":14.0,"key":"Tingsha"},{"floor":17.0,"key":"Happy Flower"},{"floor":17.0,"key":"Letter Opener"},{"floor":17.0,"key":"Prayer Wheel"},{"floor":24.0,"key":"Pen Nib"},{"floor":26.0,"key":"Mummified Hand"},{"floor":27.0,"key":"Lantern"},{"floor":28.0,"key":"Ancient Tea Set"},{"floor":30.0,"key":"Ornamental Fan"},{"floor":36,"key":"Bottled Flame"},{"floor":43,"key":"Toy Ornithopter"},{"floor":45,"key":"Ginger"}],"event_choices":[{"damage_healed":0.0,"max_hp_gain":0.0,"max_hp_loss":0.0,"gold_gain":0.0,"event_name":"Liars Game","player_choice":"Ignored","floor":13.0,"gold_loss":0.0,"damage_taken":0.0},{"cards_removed":["Strike_G"],"damage_healed":0.0,"max_hp_gain":0.0,"max_hp_loss":0.0,"gold_gain":0.0,"event_name":"Purifier","player_choice":"Purged","floor":20.0,"gold_loss":0.0,"damage_taken":0.0},{"damage_healed":0.0,"max_hp_gain":0.0,"max_hp_loss":0.0,"gold_gain":50.0,"event_name":"FaceTrader","player_choice":"Touch","floor":29.0,"gold_loss":0.0,"damage_taken":6.0},{"cards_removed":["Quick Slash"],"damage_healed":0,"gold_gain":0,"player_choice":"Removed Attack","damage_taken":0,"max_hp_gain":0,"max_hp_loss":0,"event_name":"Falling","floor":37,"gold_loss":0},{"damage_healed":0,"gold_gain":0,"player_choice":"Fight","damage_taken":0,"max_hp_gain":0,"max_hp_loss":0,"event_name":"Mysterious Sphere","floor":45,"gold_loss":0}],"is_beta":false,"boss_relics":[{"not_picked":["Astrolabe","Tiny House"],"picked":"Calling Bell"},{"not_picked":["Black Star","SacredBark"],"picked":"Philosopher\u0027s Stone"}],"items_purged_floors":[38,44],"is_endless":false,"potions_floor_spawned":[2,4,6,14,24,27,30,31,35,41,45],"ascension_level":15}