{"gold_per_floor":[112,127,141,141,189,209,209,228,228,0,29,41,66,76,76,153,153,170,180,230,58,68,93,16,51,51,78,91,141,155,173,173,250,250,260,277,204,217,217,247,247,272,272,284,309,342,361,393,393,393],"floor_reached":51,"playtime":2968,"items_purged":["Strike_G"],"score":2141,"play_id":"ed607f36-7c65-428f-bd39-da0a53f5bb6f","local_time":"20220901170336","is_ascension_mode":true,"campfire_choices":[{"data":"Neutralize","floor":7.0,"key":"SMITH"},{"data":"1","floor":15.0,"key":"LIFT"},{"data":"2","floor":32,"key":"LIFT"},{"data":"Footwork","floor":41,"key":"SMITH"},{"data":"3","floor":49,"key":"LIFT"}],"neow_cost":"TEN_PERCENT_HP_LOSS","seed_source_timestamp":30415157085100,"circlet_count":0,"master_deck":["AscendersBane","Survivor","Neutralize+1","Dash","Slice","Leg Sweep","All Out Attack","Dagger Spray","Footwork+1","Dagger Spray","Deflect","Well Laid Plans","Backflip+1","Venomology","Catalyst","After Image","Dash","Masterful Stab","PiercingWail+1","Glass Knife+1","Die Die Die+1","Accuracy","Endless Agony","Backflip","Dodge and Roll","PiercingWail","Calculated Gamble+1","Escape Plan","Dodge and Roll+1","Deadly Poison+1","Bullet Time","Deflect+1","Backstab+1","Backflip+1","Footwork","Leg Sweep+1","Backstab","Envenom"],"special_seed":0,"relics":["Ring of the Snake","Dead Branch","Potion Belt","Girya","Membership Card","Mummified Hand","Bottled Lightning","Pandora\u0027s Box","FossilizedHelix","Juzu Bracelet","Akabeko","Thread and Needle","Matryoshka","Tingsha","Black Star","Pen Nib","Whetstone","Bottled Tornado","Nunchaku","Prayer Wheel","Lantern","InkBottle","Calipers","Oddly Smooth Stone","War Paint","Blood Vial","Strawberry"],"potions_floor_usage":[30,30,33,33,38,40,40,48,50,50,50,50],"damage_taken":[{"damage":0.0,"enemies":"2 Louse","floor":1.0,"turns":5.0},{"damage":2.0,"enemies":"Jaw Worm","floor":2.0,"turns":5.0},{"damage":1.0,"enemies":"Cultist","floor":3.0,"turns":4.0},{"damage":0.0,"enemies":"2 Fungi Beasts","floor":6.0,"turns":4.0},{"damage":0.0,"enemies":"Exordium Wildlife","floor":8.0,"turns":2.0},{"damage":18.0,"enemies":"Gremlin Nob","floor":11.0,"turns":5.0},{"damage":3.0,"enemies":"Large Slime","floor":12.0,"turns":6.0},{"damage":9.0,"enemies":"Lagavulin","floor":13.0,"turns":7.0},{"damage":0.0,"enemies":"Red Slaver","floor":14.0,"turns":3.0},{"damage":0.0,"enemies":"The Guardian","floor":16.0,"turns":16.0},{"damage":0.0,"enemies":"Shell Parasite","floor":18.0,"turns":5.0},{"damage":0.0,"enemies":"Chosen","floor":19.0,"turns":2.0},{"damage":0.0,"enemies":"3 Cultists","floor":22.0,"turns":2.0},{"damage":0.0,"enemies":"Gremlin Leader","floor":23.0,"turns":5.0},{"damage":0.0,"enemies":"Book of Stabbing","floor":25.0,"turns":5.0},{"damage":0.0,"enemies":"Slavers","floor":27.0,"turns":5.0},{"damage":9.0,"enemies":"Centurion and Healer","floor":28.0,"turns":5.0},{"damage":0,"enemies":"Shelled Parasite and Fungi","floor":30,"turns":5},{"damage":0,"enemies":"Snake Plant","floor":31,"turns":4},{"damage":0,"enemies":"Automaton","floor":33,"turns":9},{"damage":0,"enemies":"3 Shapes","floor":35,"turns":3},{"damage":0,"enemies":"Orb Walker","floor":36,"turns":2},{"damage":17,"enemies":"Transient","floor":38,"turns":5},{"damage":0,"enemies":"Giant Head","floor":40,"turns":11},{"damage":0,"enemies":"Reptomancer","floor":42,"turns":7},{"damage":0,"enemies":"3 Darklings","floor":44,"turns":3},{"damage":0,"enemies":"Mind Bloom Boss Battle","floor":45,"turns":3},{"damage":0,"enemies":"Nemesis","floor":46,"turns":7},{"damage":0,"enemies":"Jaw Worm Horde","floor":47,"turns":4},{"damage":0,"enemies":"Giant Head","floor":48,"turns":6},{"damage":0,"enemies":"Donu and Deca","floor":50,"turns":9}],"seed_played":"67697312406459185","potions_obtained":[{"floor":1.0,"key":"GamblersBrew"},{"floor":11.0,"key":"Dexterity Potion"},{"floor":12.0,"key":"DistilledChaos"},{"floor":13.0,"key":"AttackPotion"},{"floor":16.0,"key":"Ancient Potion"},{"floor":18.0,"key":"Energy Potion"},{"floor":19.0,"key":"LiquidMemories"},{"floor":25.0,"key":"BlessingOfTheForge"},{"floor":30,"key":"BlessingOfTheForge"},{"floor":31,"key":"Block Potion"},{"floor":48,"key":"DistilledChaos"}],"is_trial":false,"path_per_floor":["M","M","M","?","T","M","R","M","T","$","E","M","E","M","R","B",null,"M","M","?","$","M","E","$","E","T","E","M","?","M","M","R","B",null,"M","M","$","M","?","E","R","E","T","M","?","E","M","E","R","B",null],"character_chosen":"THE_SILENT","items_purchased":["Membership Card","Footwork","Dodge and Roll","FossilizedHelix","Akabeko","Pen Nib"],"campfire_rested":0,"item_purchase_floors":[10,10,21,21,24,37],"current_hp_per_floor":[59,57,56,61,61,61,61,61,61,61,43,40,31,31,31,31,57,57,57,57,57,57,57,57,57,57,57,48,42,56,56,56,56,63,63,63,63,46,46,46,46,46,46,46,46,46,46,53,53,55],"gold":393,"neow_bonus":"ONE_RARE_RELIC","is_prod":false,"is_daily":false,"chose_seed":false,"campfire_upgraded":2,"win_rate":0,"timestamp":1662077016,"path_taken":["M","M","M","?","?","M","R","M","T","?","E","M","E","M","R","BOSS","M","?","?","?","M","E","$","E","T","E","M","?","M","M","R","BOSS","M","M","$","M","?","E","R","E","T","M","?","E","M","E","R","BOSS"],"build_version":"2022-03-07","purchased_purges":1,"victory":true,"max_hp_per_floor":[60,60,60,65,65,65,65,65,65,65,65,65,65,65,65,65,65,65,65,65,65,65,65,65,65,65,65,65,65,65,65,65,65,65,65,65,65,65,65,65,65,65,65,65,65,65,65,72,72,72],"relic_stats":{"Girya":3,"Calipers":[657],"counters":[31,164],"Dead Branch":[182],"Tingsha":[231],"Pen Nib":[14],"Juzu Bracelet":0,"Whetstone":["Glass Knife","Die Die Die"],"Bottled Tornado":"After Image","War Paint":["PiercingWail","Backflip"],"Blood Vial":2,"Nunchaku":[8],"Matryoshka":1,"Mummified Hand":[126],"Pandora\u0027s Box":["Catalyst","After Image","Dash","Masterful Stab","PiercingWail","Glass Knife","Die Die Die","Accuracy","Endless Agony"],"Prayer Wheel":2,"Black Star":4,"Membership Card":397,"Bottled Lightning":"Leg Sweep","obtain_stats":[{"Lantern":43,"Calipers":45,"Juzu Bracelet":23,"Whetstone":40,"Bottled Tornado":40,"Blood Vial":48,"Nunchaku":42,"Matryoshka":26,"Mummified Hand":11,"Strawberry":48,"Prayer Wheel":42,"InkBottle":43,"Ring of the Snake":0,"Potion Belt":5,"Girya":9,"Dead Branch":0,"Oddly Smooth Stone":46,"Thread and Needle":25,"Tingsha":27,"Pen Nib":37,"War Paint":46,"Akabeko":24,"Pandora\u0027s Box":17,"Black Star":34,"Membership Card":10,"Bottled Lightning":13,"FossilizedHelix":21},{"Lantern":25,"Calipers":27,"Juzu Bracelet":14,"Whetstone":24,"Bottled Tornado":24,"Blood Vial":30,"Nunchaku":25,"Matryoshka":15,"Mummified Hand":6,"Strawberry":30,"Prayer Wheel":25,"InkBottle":25,"Ring of the Snake":0,"Potion Belt":3,"Girya":5,"Dead Branch":0,"Oddly Smooth Stone":28,"Thread and Needle":15,"Tingsha":16,"Pen Nib":22,"War Paint":28,"Akabeko":14,"Pandora\u0027s Box":10,"Black Star":20,"Membership Card":5,"Bottled Lightning":8,"FossilizedHelix":12},{"Lantern":132,"Calipers":138,"Juzu Bracelet":71,"Whetstone":125,"Bottled Tornado":125,"Blood Vial":155,"Nunchaku":132,"Matryoshka":76,"Mummified Hand":25,"Strawberry":155,"Prayer Wheel":132,"InkBottle":132,"Ring of the Snake":0,"Potion Belt":14,"Girya":20,"Dead Branch":0,"Oddly Smooth Stone":145,"Thread and Needle":76,"Tingsha":81,"Pen Nib":109,"War Paint":145,"Akabeko":71,"Pandora\u0027s Box":57,"Black Star":104,"Membership Card":20,"Bottled Lightning":38,"FossilizedHelix":64}],"FossilizedHelix":[58],"InkBottle":[19],"Ring of the Snake":[64]},"card_choices":[{"not_picked":["Terror","Acrobatics"],"picked":"Dash","floor":1.0},{"not_picked":["Crippling Poison","Outmaneuver"],"picked":"Slice","floor":2.0},{"not_picked":["Acrobatics","Dagger Throw"],"picked":"Leg Sweep","floor":3.0},{"not_picked":["Slice","Dagger Throw"],"picked":"All Out Attack","floor":6.0},{"not_picked":["Bane","Crippling Poison"],"picked":"Dagger Spray","floor":8.0},{"not_picked":["Setup","Deadly Poison"],"picked":"Dagger Spray","floor":11.0},{"not_picked":["Choke","Dagger Throw"],"picked":"Deflect","floor":12.0},{"not_picked":["Flechettes","Setup"],"picked":"Well Laid Plans","floor":13.0},{"not_picked":["Dagger Throw","Bullet Time"],"picked":"Backflip","floor":14.0},{"not_picked":["Night Terror","Unload"],"picked":"Venomology","floor":16.0},{"not_picked":["Cloak And Dagger","Setup"],"picked":"Backflip","floor":18.0},{"not_picked":["Skewer","Prepared","Reflex"],"picked":"SKIP","floor":19.0},{"not_picked":["Dodge and Roll","Skewer"],"picked":"PiercingWail","floor":22.0},{"not_picked":["Prepared","Doppelganger"],"picked":"Calculated Gamble+1","floor":23.0},{"not_picked":["Dagger Spray","Dagger Throw"],"picked":"Escape Plan","floor":25.0},{"not_picked":["Blade Dance","Heel Hook"],"picked":"Backflip","floor":27.0},{"not_picked":["Riddle With Holes","Masterful Stab"],"picked":"Dodge and Roll+1","floor":28.0},{"not_picked":["Acrobatics","Dash+1"],"picked":"Deadly Poison+1","floor":30},{"not_picked":["Expertise","Flechettes","Terror"],"picked":"SKIP","floor":31},{"not_picked":["Grand Finale","Unload"],"picked":"Bullet Time","floor":33},{"not_picked":["Deadly Poison","Leg Sweep"],"picked":"Deflect+1","floor":35},{"not_picked":["Concentrate","Backflip+1"],"picked":"Backstab+1","floor":36},{"not_picked":["Deflect","Quick Slash+1"],"picked":"Backflip+1","floor":38},{"not_picked":["All Out Attack","Unload"],"picked":"Footwork","floor":40},{"not_picked":["Catalyst","Backflip","Cloak And Dagger"],"picked":"SKIP","floor":42},{"not_picked":["Dagger Spray+1","Slice+1","Tactician"],"picked":"SKIP","floor":44},{"not_picked":["Outmaneuver","Backflip","Acrobatics"],"picked":"SKIP","floor":44},{"not_picked":["Predator+1","Outmaneuver"],"picked":"Leg Sweep+1","floor":45},{"not_picked":["Deflect","Poisoned Stab","Endless Agony+1"],"picked":"SKIP","floor":46},{"not_picked":["Deflect","Dagger Throw"],"picked":"Backstab","floor":47},{"not_picked":["Slice","Deadly Poison","Eviscerate+1"],"picked":"SKIP","floor":47},{"not_picked":["Outmaneuver+1","Eviscerate+1"],"picked":"Envenom","floor":48}],"player_experience":5261323,"relics_obtained":[{"floor":5.0,"key":"Potion Belt"},{"floor":9.0,"key":"Girya"},{"floor":11.0,"key":"Mummified Hand"},{"floor":13.0,"key":"Bottled Lightning"},{"floor":23.0,"key":"Juzu Bracelet"},{"floor":25.0,"key":"Thread and Needle"},{"floor":26.0,"key":"Matryoshka"},{"floor":27.0,"key":"Tingsha"},{"floor":40,"key":"Whetstone"},{"floor":40,"key":"Bottled Tornado"},{"floor":42,"key":"Nunchaku"},{"floor":42,"key":"Prayer Wheel"},{"floor":43,"key":"Lantern"},{"floor":43,"key":"InkBottle"},{"floor":45,"key":"Calipers"},{"floor":46,"key":"Oddly Smooth Stone"},{"floor":46,"key":"War Paint"},{"floor":48,"key":"Blood Vial"},{"floor":48,"key":"Strawberry"}],"event_choices":[{"damage_healed":0.0,"max_hp_gain":5.0,"max_hp_loss":0.0,"gold_gain":0.0,"event_name":"Big Fish","player_choice":"Donut","floor":4.0,"gold_loss":0.0,"damage_taken":0.0},{"damage_healed":0.0,"max_hp_gain":0.0,"max_hp_loss":0.0,"gold_gain":50.0,"event_name":"Nest","player_choice":"Stole From Cult","floor":20.0,"gold_loss":0.0,"damage_taken":0.0},{"damage_healed":0,"gold_gain":50,"player_choice":"Touch","damage_taken":6,"max_hp_gain":0,"max_hp_loss":0,"event_name":"FaceTrader","floor":29,"gold_loss":0},{"cards_removed":["Backflip"],"damage_healed":0,"gold_gain":0,"player_choice":"Removed Skill","damage_taken":0,"max_hp_gain":0,"max_hp_loss":0,"event_name":"Falling","floor":39,"gold_loss":0},{"damage_healed":0,"gold_gain":0,"player_choice":"Fight","damage_taken":0,"max_hp_gain":0,"max_hp_loss":0,"event_name":"MindBloom","floor":45,"gold_loss":0}],"is_beta":false,"boss_relics":[{"not_picked":["Velvet Choker","Tiny House"],"picked":"Pandora\u0027s Box"},{"not_picked":["Snecko Eye","Astrolabe"],"picked":"Black Star"}],"items_purged_floors":[10],"is_endless":false,"potions_floor_spawned":[1,11,12,13,16,18,19,25,30,31,36,38,42,46,48],"ascension_level":15}