{"gold_per_floor":[15,34,52,52,127,127,162,162,232,258,273,293,367,381,381,458,458,474,474,185,166,166,166,185,185,185,216,236,255,286,157,157,234,234,244,269,288,300,300,300,329,342,342,362,637,637,37,90,90,90],"floor_reached":51,"playtime":2565,"items_purged":["Regret"],"score":1460,"play_id":"0169ba44-7d43-43f4-a809-2f4f1ed33d28","local_time":"20220912224938","is_ascension_mode":true,"campfire_choices":[{"data":"Neutralize","floor":6.0,"key":"SMITH"},{"floor":15,"key":"REST"},{"data":"Footwork","floor":23,"key":"SMITH"},{"floor":32,"key":"REST"},{"data":"Accuracy","floor":40,"key":"SMITH"},{"data":"Well Laid Plans","floor":49,"key":"SMITH"}],"neow_cost":"NO_GOLD","seed_source_timestamp":0,"circlet_count":0,"master_deck":["AscendersBane","Defend_G","Defend_G","Defend_G","Defend_G","Defend_G","Survivor","Neutralize+1","Quick Slash","Quick Slash","Crippling Poison","Dagger Spray+1","Leg Sweep+1","Footwork+1","Slice","Venomology+1","Infinite Blades+1","Dagger Spray+1","Deflect+1","Adrenaline+1","Burst+1","Masterful Stab","Master of Strategy+1","Acrobatics+1","Dodge and Roll+1","Adrenaline+1","Distraction+1","Deflect+1","Blade Dance+1","Dodge and Roll+1","Accuracy+1","Adrenaline+1","PiercingWail+1","Backflip+1","Backstab+1","Blur+1","Well Laid Plans+1","Cloak And Dagger+1","PiercingWail+1"],"special_seed":0,"relics":["Ring of the Snake","Strawberry","Toxic Egg 2","Pen Nib","Kunai","Astrolabe","Du-Vu Doll","Question Card","Nunchaku","Blood Vial","Sozu","FossilizedHelix","Juzu Bracelet","Letter Opener","Bottled Tornado","Orrery"],"potions_floor_usage":[18,18,21,27,28,29,30,30,33,50],"damage_taken":[{"damage":0.0,"enemies":"Jaw Worm","floor":1.0,"turns":6.0},{"damage":0.0,"enemies":"2 Louse","floor":2.0,"turns":3.0},{"damage":1.0,"enemies":"Small Slimes","floor":3.0,"turns":4.0},{"damage":19.0,"enemies":"3 Sentries","floor":7.0,"turns":11.0},{"damage":26.0,"enemies":"Lagavulin","floor":10.0,"turns":7.0},{"damage":3.0,"enemies":"Looter","floor":11.0,"turns":3.0},{"damage":0.0,"enemies":"Large Slime","floor":12.0,"turns":5.0},{"damage":3.0,"enemies":"Red Slaver","floor":14.0,"turns":4.0},{"damage":2,"enemies":"The Guardian","floor":16,"turns":18},{"damage":1,"enemies":"Shell Parasite","floor":18,"turns":7},{"damage":12,"enemies":"2 Thieves","floor":21,"turns":4},{"damage":9,"enemies":"Snake Plant","floor":24,"turns":6},{"damage":0,"enemies":"Book of Stabbing","floor":27,"turns":4},{"damage":0,"enemies":"Snecko","floor":28,"turns":6},{"damage":0,"enemies":"Shelled Parasite and Fungi","floor":29,"turns":3},{"damage":3,"enemies":"Slavers","floor":30,"turns":2},{"damage":0,"enemies":"Automaton","floor":33,"turns":12},{"damage":3,"enemies":"Orb Walker","floor":35,"turns":4},{"damage":0,"enemies":"Mind Bloom Boss Battle","floor":36,"turns":5},{"damage":0,"enemies":"3 Shapes","floor":37,"turns":2},{"damage":0,"enemies":"Sphere and 2 Shapes","floor":38,"turns":3},{"damage":4,"enemies":"Nemesis","floor":41,"turns":9},{"damage":0,"enemies":"Jaw Worm Horde","floor":42,"turns":3},{"damage":0,"enemies":"Maw","floor":44,"turns":6},{"damage":0,"enemies":"2 Orb Walkers","floor":48,"turns":5},{"damage":12,"enemies":"Time Eater","floor":50,"turns":16}],"seed_played":"4350691420375519536","potions_obtained":[{"floor":3.0,"key":"Fire Potion"},{"floor":7.0,"key":"SteroidPotion"},{"floor":10.0,"key":"LiquidMemories"},{"floor":14.0,"key":"DistilledChaos"},{"floor":29,"key":"BlessingOfTheForge"}],"is_trial":false,"path_per_floor":["M","M","M","?","?","R","E","?","T","E","M","M","T","M","R","B",null,"M","?","$","M","?","R","M","T","T","E","M","M","E","$","R","B",null,"M","?","M","M","$","R","E","M","T","M","?","?","$","?","R","B",null],"character_chosen":"THE_SILENT","items_purchased":["Masterful Stab","Master of Strategy+1","Acrobatics+1","Accuracy","Swift Potion","Blur+1","Well Laid Plans","Bottled Tornado","Orrery"],"campfire_rested":2,"item_purchase_floors":[20,20,20,31,31,47,47,47,47],"current_hp_per_floor":[71,71,70,63,52,52,40,40,40,14,11,11,11,8,33,31,72,71,71,71,59,59,59,50,50,50,50,50,50,47,47,72,74,82,81,83,85,85,85,85,81,83,83,85,85,81,81,81,81,69],"gold":90,"neow_bonus":"TWENTY_PERCENT_HP_BONUS","is_prod":false,"is_daily":false,"chose_seed":false,"campfire_upgraded":4,"win_rate":0,"timestamp":1663048178,"path_taken":["M","M","M","?","?","R","E","?","T","E","M","M","?","M","R","BOSS","M","?","$","M","?","R","?","?","T","E","?","M","E","$","R","BOSS","M","?","M","M","$","R","E","M","T","M","?","?","$","?","R","BOSS"],"build_version":"2022-03-07","purchased_purges":1,"victory":true,"max_hp_per_floor":[78,78,78,78,78,78,85,85,85,85,85,85,85,85,85,85,85,85,85,85,85,85,85,85,85,85,85,85,85,85,85,85,85,85,85,85,85,85,85,85,85,85,85,85,85,81,81,81,81,81],"relic_stats":{"counters":[26,158],"Astrolabe":["Infinite Blades","Corpse Explosion","Dagger Spray"],"Pen Nib":[37],"Juzu Bracelet":1,"Letter Opener":[118],"Bottled Tornado":"Well Laid Plans","Question Card":18,"Blood Vial":12,"Sozu":4,"Nunchaku":[26],"Kunai":[87],"obtain_stats":[{"Astrolabe":17,"Pen Nib":10,"Juzu Bracelet":41,"Letter Opener":43,"Bottled Tornado":47,"Question Card":26,"Du-Vu Doll":25,"Blood Vial":30,"Sozu":34,"Nunchaku":27,"Strawberry":7,"Orrery":47,"Kunai":13,"Toxic Egg 2":9,"FossilizedHelix":36,"Ring of the Snake":0},{"Astrolabe":9,"Pen Nib":5,"Juzu Bracelet":22,"Letter Opener":23,"Bottled Tornado":24,"Question Card":12,"Du-Vu Doll":12,"Blood Vial":16,"Sozu":17,"Nunchaku":13,"Strawberry":4,"Orrery":24,"Kunai":7,"Toxic Egg 2":4,"FossilizedHelix":19,"Ring of the Snake":0},{"Astrolabe":61,"Pen Nib":31,"Juzu Bracelet":128,"Letter Opener":131,"Bottled Tornado":137,"Question Card":78,"Du-Vu Doll":78,"Blood Vial":93,"Sozu":105,"Nunchaku":82,"Strawberry":24,"Orrery":137,"Kunai":39,"Toxic Egg 2":24,"FossilizedHelix":114,"Ring of the Snake":0}],"FossilizedHelix":[21],"Ring of the Snake":[52]},"card_choices":[{"not_picked":["Acrobatics","Backflip"],"picked":"Quick Slash","floor":1.0},{"not_picked":["Flechettes","Bane"],"picked":"Quick Slash","floor":2.0},{"not_picked":["Dodge and Roll","Flying Knee"],"picked":"Crippling Poison","floor":3.0},{"not_picked":["Tactician","Terror"],"picked":"Dagger Spray","floor":7.0},{"not_picked":["Deflect+1","Underhanded Strike"],"picked":"Leg Sweep+1","floor":10.0},{"not_picked":["Bouncing Flask+1","Acrobatics+1"],"picked":"Footwork","floor":11.0},{"not_picked":["Infinite Blades","Dagger Spray"],"picked":"Slice","floor":12.0},{"not_picked":["Underhanded Strike","Dagger Throw","Dagger Spray"],"picked":"SKIP","floor":14.0},{"not_picked":["Phantasmal Killer+1","Envenom"],"picked":"Venomology+1","floor":16},{"not_picked":["PiercingWail+1","Deadly Poison+1"],"picked":"Deflect+1","floor":18},{"not_picked":["Expertise+1","Footwork"],"picked":"Dodge and Roll+1","floor":21},{"not_picked":["Choke","Finisher"],"picked":"Distraction+1","floor":24},{"not_picked":["Tactician+1","Dodge and Roll+1","Underhanded Strike"],"picked":"Deflect+1","floor":27},{"not_picked":["Deflect+1","Slice","Cloak And Dagger+1"],"picked":"Blade Dance+1","floor":28},{"not_picked":["Acrobatics+1","Poisoned Stab","Dash"],"picked":"Dodge and Roll+1","floor":29},{"not_picked":["Concentrate+1","Crippling Poison+1","Dagger Spray+1","Poisoned Stab"],"picked":"SKIP","floor":30},{"not_picked":["Venomology+1","Storm of Steel+1","Tools of the Trade"],"picked":"Adrenaline+1","floor":33},{"not_picked":["Catalyst+1","Noxious Fumes+1","Endless Agony"],"picked":"PiercingWail+1","floor":35},{"not_picked":["Dash","Expertise+1","Sucker Punch+1"],"picked":"Backflip+1","floor":36},{"not_picked":["Dagger Spray","Noxious Fumes","Sucker Punch+1","Quick Slash+1"],"picked":"SKIP","floor":37},{"not_picked":["Quick Slash","Riddle With Holes","Endless Agony+1","Unload"],"picked":"SKIP","floor":38},{"not_picked":["Quick Slash","Leg Sweep+1","Dodge and Roll+1","Choke"],"picked":"SKIP","floor":41},{"not_picked":["Acrobatics+1","Poisoned Stab","Dagger Throw"],"picked":"Backstab+1","floor":42},{"not_picked":["Flying Knee","Noxious Fumes","Expertise+1","Deflect+1"],"picked":"SKIP","floor":44},{"not_picked":["Dagger Spray+1","Setup+1","Outmaneuver+1"],"picked":"Cloak And Dagger+1","floor":47},{"not_picked":["Reflex+1","Prepared+1","Footwork"],"picked":"PiercingWail+1","floor":47}],"player_experience":5275179,"relics_obtained":[{"floor":7.0,"key":"Strawberry"},{"floor":9.0,"key":"Toxic Egg 2"},{"floor":10.0,"key":"Pen Nib"},{"floor":13.0,"key":"Kunai"},{"floor":25,"key":"Du-Vu Doll"},{"floor":26,"key":"Question Card"},{"floor":27,"key":"Nunchaku"},{"floor":30,"key":"Blood Vial"},{"floor":36,"key":"FossilizedHelix"},{"floor":41,"key":"Juzu Bracelet"},{"floor":43,"key":"Letter Opener"}],"event_choices":[{"cards_removed":["Strike_G"],"damage_healed":0.0,"max_hp_gain":0.0,"max_hp_loss":0.0,"gold_gain":0.0,"event_name":"Golden Wing","player_choice":"Card Removal","floor":4.0,"gold_loss":0.0,"damage_taken":7.0},{"damage_healed":0.0,"max_hp_gain":0.0,"max_hp_loss":0.0,"gold_gain":75.0,"event_name":"World of Goop","player_choice":"Gather Gold","floor":5.0,"gold_loss":0.0,"damage_taken":11.0},{"damage_healed":0.0,"max_hp_gain":0.0,"max_hp_loss":0.0,"gold_gain":0.0,"event_name":"Living Wall","player_choice":"Grow","floor":8.0,"gold_loss":0.0,"damage_taken":0.0,"cards_upgraded":["Dagger Spray"]},{"damage_healed":0,"gold_gain":0,"cards_transformed":["Corpse Explosion","Strike_G"],"player_choice":"Became Test Subject","damage_taken":0,"max_hp_gain":0,"max_hp_loss":0,"event_name":"Drug Dealer","floor":19,"gold_loss":0,"cards_obtained":["Adrenaline","Burst"]},{"damage_healed":0,"gold_gain":0,"player_choice":"Copied","damage_taken":0,"max_hp_gain":0,"max_hp_loss":0,"event_name":"Duplicator","floor":22,"gold_loss":0,"cards_obtained":["Adrenaline"]},{"damage_healed":0,"gold_gain":0,"player_choice":"Fight","damage_taken":0,"max_hp_gain":0,"max_hp_loss":0,"event_name":"MindBloom","floor":36,"gold_loss":0},{"damage_healed":0,"gold_gain":275,"player_choice":"Desecrate","damage_taken":0,"max_hp_gain":0,"max_hp_loss":0,"event_name":"Golden Shrine","floor":45,"gold_loss":0,"cards_obtained":["Regret"]},{"damage_healed":0,"gold_gain":0,"player_choice":"Max HP","damage_taken":0,"max_hp_gain":0,"max_hp_loss":4,"event_name":"Winding Halls","floor":46,"gold_loss":0},{"damage_healed":0,"gold_gain":0,"player_choice":"Fight","damage_taken":0,"max_hp_gain":0,"max_hp_loss":0,"event_name":"Mysterious Sphere","floor":48,"gold_loss":0}],"is_beta":false,"boss_relics":[{"not_picked":["Velvet Choker","Pandora\u0027s Box"],"picked":"Astrolabe"},{"not_picked":["Runic Pyramid","Tiny House"],"picked":"Sozu"}],"items_purged_floors":[47],"is_endless":false,"potions_floor_spawned":[3,7,10,14,16,24,27,29,38,44,48],"ascension_level":15}