{"gold_per_floor":[118,118,137,137,137,137,162,162,162,197,32,32,107,132,132,228,228,243,243,243,135,148,188,188,211,266,266],"floor_reached":27,"playtime":1010,"items_purged":["Strike_G"],"score":401,"play_id":"fceab8c6-c0bd-49fd-b38d-095090b03cae","local_time":"20221011221936","is_ascension_mode":true,"campfire_choices":[{"data":"Neutralize","floor":6.0,"key":"SMITH"},{"data":"Flying Knee","floor":8.0,"key":"SMITH"},{"floor":15.0,"key":"REST"},{"floor":24,"key":"REST"}],"neow_cost":"TEN_PERCENT_HP_LOSS","seed_source_timestamp":209517540603100,"circlet_count":0,"master_deck":["AscendersBane","Strike_G","Defend_G","Defend_G","Defend_G","Defend_G","Defend_G","Survivor","Neutralize+1","Flying Knee+1","Slice","Sucker Punch","Dodge and Roll+1","Bouncing Flask+1","Backflip+1","Tools of the Trade","Cloak And Dagger+1","Setup+1","Heel Hook+1","Catalyst+1","Dagger Throw","Deadly Poison+1","Prepared+1","Acrobatics+1"],"special_seed":0,"relics":["Ring of the Snake","Unceasing Top","Golden Idol","Juzu Bracelet","Toxic Egg 2","Mummified Hand","Astrolabe","SsserpentHead","Regal Pillow","Smiling Mask"],"potions_floor_usage":[23,23,27],"damage_taken":[{"damage":2.0,"enemies":"2 Louse","floor":1.0,"turns":4.0},{"damage":2.0,"enemies":"Small Slimes","floor":3.0,"turns":5.0},{"damage":1.0,"enemies":"Jaw Worm","floor":7.0,"turns":5.0},{"damage":26.0,"enemies":"Gremlin Nob","floor":10.0,"turns":5.0},{"damage":5.0,"enemies":"Large Slime","floor":14.0,"turns":8.0},{"damage":13.0,"enemies":"The Guardian","floor":16.0,"turns":12.0},{"damage":4,"enemies":"Shell Parasite","floor":18,"turns":4},{"damage":0,"enemies":"Spheric Guardian","floor":22,"turns":3},{"damage":27,"enemies":"Slavers","floor":23,"turns":7},{"damage":13,"enemies":"Shelled Parasite and Fungi","floor":25,"turns":9},{"damage":40,"enemies":"Gremlin Leader","floor":27,"turns":4}],"seed_played":"-500271531431778946","potions_obtained":[{"floor":14.0,"key":"LiquidMemories"},{"floor":16.0,"key":"SpeedPotion"},{"floor":25,"key":"EssenceOfSteel"}],"is_trial":false,"path_per_floor":["M","?","M","?","?","R","M","R","T","E","$","?","?","M","R","B",null,"M","?","?","$","M","E","R","M","T","E"],"character_chosen":"THE_SILENT","items_purchased":["Dodge and Roll+1","Bouncing Flask+1","Dagger Throw","Deadly Poison+1"],"campfire_rested":2,"item_purchase_floors":[11,11,21,21],"current_hp_per_floor":[57,36,34,29,29,29,28,28,28,2,2,22,11,6,24,11,48,44,44,44,44,44,17,50,37,37,0],"gold":266,"neow_bonus":"ONE_RARE_RELIC","is_prod":false,"is_daily":false,"chose_seed":false,"campfire_upgraded":2,"win_rate":0,"timestamp":1665551976,"path_taken":["M","?","M","?","?","R","M","R","T","E","?","?","?","M","R","BOSS","M","?","?","$","M","E","R","M","T","E"],"build_version":"2022-10-04","purchased_purges":1,"victory":false,"max_hp_per_floor":[60,60,60,60,60,60,60,60,60,60,60,60,60,60,60,60,60,60,60,60,60,60,60,60,60,60,60],"relic_stats":{"SsserpentHead":0,"Regal Pillow":15,"counters":[11,66],"Golden Idol":59,"Mummified Hand":[5],"Astrolabe":["Cloak And Dagger","Setup","Heel Hook"],"Juzu Bracelet":0,"Smiling Mask":0,"obtain_stats":[{"SsserpentHead":20,"Regal Pillow":23,"Golden Idol":2,"Mummified Hand":10,"Astrolabe":17,"Juzu Bracelet":4,"Toxic Egg 2":9,"Smiling Mask":26,"Unceasing Top":0,"Ring of the Snake":0},{"SsserpentHead":7,"Regal Pillow":9,"Golden Idol":1,"Mummified Hand":4,"Astrolabe":6,"Juzu Bracelet":2,"Toxic Egg 2":3,"Smiling Mask":10,"Unceasing Top":0,"Ring of the Snake":0},{"SsserpentHead":43,"Regal Pillow":53,"Golden Idol":4,"Mummified Hand":19,"Astrolabe":39,"Juzu Bracelet":9,"Toxic Egg 2":14,"Smiling Mask":62,"Unceasing Top":0,"Ring of the Snake":0}],"Unceasing Top":[20],"Ring of the Snake":[22]},"card_choices":[{"not_picked":["Outmaneuver","Deflect"],"picked":"Flying Knee","floor":1.0},{"not_picked":["Distraction","Underhanded Strike"],"picked":"Slice","floor":3.0},{"not_picked":["Catalyst","Flechettes"],"picked":"Sucker Punch","floor":7.0},{"not_picked":["Flechettes","Bane","Flying Knee"],"picked":"SKIP","floor":10.0},{"not_picked":["Flechettes","Bane","Flying Knee"],"picked":"SKIP","floor":10.0},{"not_picked":["Dash","Acrobatics+1"],"picked":"Backflip+1","floor":14.0},{"not_picked":["Glass Knife","A Thousand Cuts"],"picked":"Tools of the Trade","floor":16.0},{"not_picked":["Tactician+1","Well Laid Plans"],"picked":"Catalyst+1","floor":18},{"not_picked":["Dagger Throw","Flying Knee","Cloak And Dagger+1"],"picked":"SKIP","floor":22},{"not_picked":["Crippling Poison+1","Endless Agony"],"picked":"Prepared+1","floor":23},{"not_picked":["Distraction+1","Predator"],"picked":"Acrobatics+1","floor":25}],"player_experience":5297221,"relics_obtained":[{"floor":9.0,"key":"Toxic Egg 2"},{"floor":10.0,"key":"Mummified Hand"},{"floor":23,"key":"Regal Pillow"},{"floor":26,"key":"Smiling Mask"}],"event_choices":[{"damage_healed":0.0,"max_hp_gain":0.0,"max_hp_loss":0.0,"gold_gain":0.0,"event_name":"Golden Idol","player_choice":"Take Damage","floor":2.0,"gold_loss":0.0,"damage_taken":21.0,"relics_obtained":["Golden Idol"]},{"damage_healed":0.0,"max_hp_gain":0.0,"max_hp_loss":0.0,"gold_gain":0.0,"event_name":"Scrap Ooze","player_choice":"Success","floor":4.0,"gold_loss":0.0,"damage_taken":5.0,"relics_obtained":["Juzu Bracelet"]},{"damage_healed":0.0,"max_hp_gain":0.0,"max_hp_loss":0.0,"gold_gain":0.0,"event_name":"Liars Game","player_choice":"Ignored","floor":5.0,"gold_loss":0.0,"damage_taken":0.0},{"damage_healed":20.0,"max_hp_gain":0.0,"max_hp_loss":0.0,"gold_gain":0.0,"event_name":"Big Fish","player_choice":"Banana","floor":12.0,"gold_loss":0.0,"damage_taken":0.0},{"damage_healed":0.0,"max_hp_gain":0.0,"max_hp_loss":0.0,"gold_gain":75.0,"event_name":"World of Goop","player_choice":"Gather Gold","floor":13.0,"gold_loss":0.0,"damage_taken":11.0},{"damage_healed":0,"gold_gain":0,"player_choice":"Ignored","damage_taken":0,"max_hp_gain":0,"max_hp_loss":0,"event_name":"Cursed Tome","floor":19,"gold_loss":0},{"damage_healed":0,"gold_gain":0,"player_choice":"Trade","damage_taken":0,"relics_obtained":["SsserpentHead"],"max_hp_gain":0,"max_hp_loss":0,"event_name":"FaceTrader","floor":20,"gold_loss":0}],"is_beta":false,"boss_relics":[{"not_picked":["WristBlade","Busted Crown"],"picked":"Astrolabe"}],"items_purged_floors":[11],"is_endless":false,"potions_floor_spawned":[14,16,25],"killed_by":"Gremlin Leader","ascension_level":15}