{"gold_per_floor":[111,121,271,284,284,284,298,325,349,369,404,420,452,38,38,109,109,119,131,150,50,50,50,84,99,99,130,130,130,154,44,44,117,117,136,149,149,165,215,248,248,276,299,299,299,299,310,70,70,70],"floor_reached":51,"playtime":1740,"items_purged":["Doubt","Strike_G"],"score":1342,"play_id":"b835ea9e-d82e-436c-beb3-6ee9ab6f356f","local_time":"20221007094329","is_ascension_mode":true,"campfire_choices":[{"data":"Skewer","floor":6.0,"key":"SMITH"},{"floor":15.0,"key":"REST"},{"data":"Blade Dance","floor":23.0,"key":"SMITH"},{"floor":29,"key":"REST"},{"floor":32,"key":"REST"},{"data":"Blade Dance","floor":41,"key":"SMITH"},{"data":"Footwork","floor":45,"key":"SMITH"},{"floor":49,"key":"REST"}],"neow_cost":"NONE","seed_source_timestamp":4587277498200,"circlet_count":0,"master_deck":["AscendersBane","Strike_G","Strike_G","Strike_G","Defend_G","Defend_G","Defend_G","Defend_G+1","Defend_G","Survivor","Neutralize","Skewer+1","Sucker Punch","Crippling Poison+1","Leg Sweep","Footwork","Deadly Poison","Deflect","Footwork+1","Blade Dance","Blade Dance+1","Die Die Die","Backflip","Dagger Spray+1","Escape Plan","Blade Dance+1","Adrenaline","Acrobatics+1","Backstab","Finisher","Backflip+1"],"special_seed":0,"relics":["Ring of the Snake","NeowsBlessing","Juzu Bracelet","Strawberry","Lantern","Bottled Flame","Shuriken","WristBlade","Ancient Tea Set","PreservedInsect","Blood Vial","MutagenicStrength","Art of War","Philosopher\u0027s Stone","Lizard Tail","HornCleat","Bag of Marbles","Vajra","Molten Egg 2","Kunai"],"potions_floor_usage":[37,38,50,50],"damage_taken":[{"damage":0.0,"enemies":"Jaw Worm","floor":1.0,"turns":1.0},{"damage":0.0,"enemies":"2 Louse","floor":2.0,"turns":1.0},{"damage":0.0,"enemies":"Cultist","floor":4.0,"turns":1.0},{"damage":0.0,"enemies":"2 Fungi Beasts","floor":7.0,"turns":3.0},{"damage":24.0,"enemies":"Gremlin Nob","floor":8.0,"turns":4.0},{"damage":2.0,"enemies":"Blue Slaver","floor":10.0,"turns":4.0},{"damage":21.0,"enemies":"3 Sentries","floor":11.0,"turns":11.0},{"damage":1.0,"enemies":"Large Slime","floor":12.0,"turns":6.0},{"damage":14.0,"enemies":"Gremlin Nob","floor":13.0,"turns":5.0},{"damage":15.0,"enemies":"The Guardian","floor":16.0,"turns":14.0},{"damage":4.0,"enemies":"Shell Parasite","floor":18.0,"turns":5.0},{"damage":3.0,"enemies":"Chosen","floor":19.0,"turns":4.0},{"damage":12.0,"enemies":"Snake Plant","floor":20.0,"turns":6.0},{"damage":2.0,"enemies":"Slavers","floor":24.0,"turns":5.0},{"damage":7.0,"enemies":"Centurion and Healer","floor":25.0,"turns":6.0},{"damage":21.0,"enemies":"Book of Stabbing","floor":27.0,"turns":4.0},{"damage":57,"enemies":"Automaton","floor":33,"turns":8},{"damage":0,"enemies":"Orb Walker","floor":35,"turns":4},{"damage":0,"enemies":"3 Darklings","floor":36,"turns":2},{"damage":1,"enemies":"Spire Growth","floor":38,"turns":3},{"damage":0,"enemies":"2 Orb Walkers","floor":39,"turns":2},{"damage":22,"enemies":"Reptomancer","floor":40,"turns":4},{"damage":0,"enemies":"Giant Head","floor":42,"turns":4},{"damage":0,"enemies":"Maw","floor":47,"turns":2},{"damage":7,"enemies":"Time Eater","floor":50,"turns":9}],"seed_played":"-2729952372198880729","potions_obtained":[{"floor":1.0,"key":"PowerPotion"},{"floor":7.0,"key":"SpeedPotion"},{"floor":11.0,"key":"CultistPotion"},{"floor":13.0,"key":"PowerPotion"},{"floor":20.0,"key":"Energy Potion"},{"floor":24.0,"key":"SmokeBomb"},{"floor":25.0,"key":"Regen Potion"},{"floor":27.0,"key":"FearPotion"},{"floor":33,"key":"SmokeBomb"},{"floor":36,"key":"Fire Potion"},{"floor":37,"key":"Fruit Juice"},{"floor":37,"key":"DuplicationPotion"},{"floor":39,"key":"GhostInAJar"}],"is_trial":false,"path_per_floor":["M","M","?","M","?","R","M","E","T","M","E","M","E","$","R","B",null,"M","M","M","$","?","R","E","M","T","E","?","R","T","?","R","B",null,"M","M","?","M","?","E","R","E","T","?","R","T","M","$","R","B",null],"character_chosen":"THE_SILENT","items_purchased":["Block Potion","Shuriken","Blade Dance","Kunai"],"campfire_rested":4,"item_purchase_floors":[14,14,14,48],"current_hp_per_floor":[59,59,59,59,59,59,59,35,42,40,19,18,4,4,25,10,57,53,50,38,38,38,38,36,29,29,20,20,41,41,41,62,7,57,59,61,66,67,69,49,49,51,51,51,51,51,53,53,76,71],"gold":70,"neow_bonus":"THREE_ENEMY_KILL","is_prod":false,"is_daily":false,"chose_seed":false,"campfire_upgraded":4,"win_rate":0,"timestamp":1665161009,"path_taken":["M","M","?","M","?","R","?","E","T","M","E","M","E","$","R","BOSS","M","M","M","$","?","R","E","M","T","E","?","R","?","?","R","BOSS","M","M","?","M","?","E","R","E","T","?","R","?","M","$","R","BOSS"],"build_version":"2022-10-04","purchased_purges":2,"victory":true,"max_hp_per_floor":[66,66,66,66,66,66,66,66,73,73,73,73,73,73,73,73,73,73,73,73,73,73,73,73,73,73,73,73,73,73,73,73,73,73,73,73,78,78,78,78,78,78,78,78,78,78,78,78,78,78],"relic_stats":{"Blood Vial":18,"Bottled Flame":"Skewer","Lizard Tail":0,"counters":[25,118],"Shuriken":[63],"PreservedInsect":234,"Juzu Bracelet":1,"Art of War":[4],"Kunai":[7],"Ancient Tea Set":[8],"obtain_stats":[{"Lantern":11,"NeowsBlessing":0,"Vajra":43,"PreservedInsect":26,"Juzu Bracelet":8,"Ancient Tea Set":24,"Blood Vial":27,"Bottled Flame":13,"Lizard Tail":39,"HornCleat":40,"WristBlade":17,"Shuriken":14,"Strawberry":9,"MutagenicStrength":28,"Philosopher\u0027s Stone":34,"Molten Egg 2":46,"Art of War":30,"Bag of Marbles":42,"Kunai":48,"Ring of the Snake":0},{"Lantern":7,"NeowsBlessing":0,"Vajra":23,"PreservedInsect":15,"Juzu Bracelet":5,"Ancient Tea Set":14,"Blood Vial":16,"Bottled Flame":9,"Lizard Tail":21,"HornCleat":22,"WristBlade":10,"Shuriken":9,"Strawberry":5,"MutagenicStrength":16,"Philosopher\u0027s Stone":17,"Molten Egg 2":23,"Art of War":16,"Bag of Marbles":23,"Kunai":24,"Ring of the Snake":0},{"Lantern":25,"NeowsBlessing":0,"Vajra":107,"PreservedInsect":76,"Juzu Bracelet":10,"Ancient Tea Set":70,"Blood Vial":80,"Bottled Flame":36,"Lizard Tail":99,"HornCleat":103,"WristBlade":50,"Shuriken":36,"Strawberry":10,"MutagenicStrength":80,"Philosopher\u0027s Stone":88,"Molten Egg 2":107,"Art of War":80,"Bag of Marbles":107,"Kunai":109,"Ring of the Snake":0}],"Ring of the Snake":[50]},"card_choices":[{"not_picked":["Well Laid Plans","Quick Slash"],"picked":"Skewer","floor":1.0},{"not_picked":["Heel Hook","Cloak And Dagger"],"picked":"Sucker Punch","floor":2.0},{"not_picked":["Dagger Throw","Outmaneuver"],"picked":"Crippling Poison","floor":4.0},{"not_picked":["Burst","Deadly Poison"],"picked":"Leg Sweep","floor":7.0},{"not_picked":["Prepared","Night Terror"],"picked":"Footwork","floor":8.0},{"not_picked":["Quick Slash","Underhanded Strike"],"picked":"Deadly Poison","floor":10.0},{"not_picked":["Phantasmal Killer","Prepared"],"picked":"Deflect","floor":11.0},{"not_picked":["Dagger Throw","Slice"],"picked":"Footwork","floor":12.0},{"not_picked":["Quick Slash","Prepared"],"picked":"Blade Dance","floor":13.0},{"not_picked":["Malaise","Glass Knife"],"picked":"Die Die Die","floor":16.0},{"not_picked":["Deadly Poison+1","Dagger Spray"],"picked":"Backflip","floor":18.0},{"not_picked":["Backflip","Deadly Poison","Setup"],"picked":"SKIP","floor":19.0},{"not_picked":["Deadly Poison","Infinite Blades","Reflex"],"picked":"SKIP","floor":20.0},{"not_picked":["Glass Knife","Underhanded Strike"],"picked":"Dagger Spray+1","floor":24.0},{"not_picked":["Outmaneuver","Sucker Punch"],"picked":"Escape Plan","floor":25.0},{"not_picked":["All Out Attack","Predator+1"],"picked":"Blade Dance","floor":27.0},{"not_picked":["Unload","Night Terror"],"picked":"Adrenaline","floor":33},{"not_picked":["Flying Knee","Prepared"],"picked":"Acrobatics+1","floor":35},{"not_picked":["Dagger Spray+1","Endless Agony"],"picked":"Backstab","floor":36},{"not_picked":["Acrobatics","Dagger Spray","Cloak And Dagger"],"picked":"SKIP","floor":38},{"not_picked":["Acrobatics","Dagger Spray","Cloak And Dagger"],"picked":"SKIP","floor":38},{"not_picked":["Noxious Fumes","Calculated Gamble"],"picked":"Finisher","floor":40},{"not_picked":["Poisoned Stab","Reflex","Night Terror"],"picked":"SKIP","floor":42},{"not_picked":["Backstab+1","Finisher+1"],"picked":"Backflip+1","floor":47}],"player_experience":5287162,"relics_obtained":[{"floor":8.0,"key":"Juzu Bracelet"},{"floor":9.0,"key":"Strawberry"},{"floor":11.0,"key":"Lantern"},{"floor":13.0,"key":"Bottled Flame"},{"floor":24.0,"key":"Ancient Tea Set"},{"floor":26.0,"key":"PreservedInsect"},{"floor":27.0,"key":"Blood Vial"},{"floor":30,"key":"Art of War"},{"floor":39,"key":"Lizard Tail"},{"floor":40,"key":"HornCleat"},{"floor":42,"key":"Bag of Marbles"},{"floor":43,"key":"Vajra"},{"floor":46,"key":"Molten Egg 2"}],"event_choices":[{"damage_healed":0.0,"max_hp_gain":0.0,"max_hp_loss":0.0,"gold_gain":150.0,"event_name":"Liars Game","player_choice":"AGREE","floor":3.0,"gold_loss":0.0,"damage_taken":0.0,"cards_obtained":["Doubt"]},{"damage_healed":0.0,"max_hp_gain":0.0,"max_hp_loss":0.0,"gold_gain":0.0,"event_name":"Accursed Blacksmith","player_choice":"Forge","floor":5.0,"gold_loss":0.0,"damage_taken":0.0,"cards_upgraded":["Crippling Poison"]},{"damage_healed":0,"gold_gain":0,"player_choice":"Inject Mutagens","damage_taken":0,"relics_obtained":["MutagenicStrength"],"max_hp_gain":0,"max_hp_loss":0,"event_name":"Drug Dealer","floor":28,"gold_loss":0},{"cards_removed":["Strike_G"],"damage_healed":0,"gold_gain":0,"player_choice":"Upgrade and Remove","damage_taken":0,"max_hp_gain":0,"max_hp_loss":0,"event_name":"Designer","floor":31,"gold_loss":110,"cards_upgraded":["Defend_G"]},{"damage_healed":0,"gold_gain":0,"player_choice":"Got Potions","damage_taken":0,"max_hp_gain":0,"max_hp_loss":0,"event_name":"Lab","floor":37,"gold_loss":0},{"damage_healed":0,"gold_gain":0,"player_choice":"Fight","damage_taken":0,"max_hp_gain":0,"max_hp_loss":0,"event_name":"Mysterious Sphere","floor":39,"gold_loss":0},{"damage_healed":0,"gold_gain":0,"player_choice":"Ignored","damage_taken":0,"max_hp_gain":0,"max_hp_loss":0,"event_name":"Tomb of Lord Red Mask","floor":44,"gold_loss":0}],"is_beta":false,"boss_relics":[{"not_picked":["Sozu","HoveringKite"],"picked":"WristBlade"},{"not_picked":["Astrolabe","Ring of the Serpent"],"picked":"Philosopher\u0027s Stone"}],"items_purged_floors":[14,21],"is_endless":false,"potions_floor_spawned":[1,7,11,12,13,20,24,25,27,33,36,39,40,47],"ascension_level":15}