{"gold_per_floor":[123,151,310,310,331,331,331,370,415,415,458,487,23,42,42,128,128,155,179,208,253,306,306,342,342,342,385,399,333,348,374,374,460,460,485,485,498,511,534,534,577,577,577,577,527,570,570,595,595,595,595,604,113,155,155],"floor_reached":56,"playtime":2494,"items_purged":["Bouncing Flask","Bite","Bite","Bite"],"score":2336,"play_id":"bad53a45-0d5c-44a7-aa7f-a0ea30d4caaf","local_time":"20221117174620","is_ascension_mode":true,"campfire_choices":[{"data":"All Out Attack","floor":6.0,"key":"SMITH"},{"data":"Malaise","floor":10.0,"key":"SMITH"},{"data":"Blade Dance","floor":15.0,"key":"SMITH"},{"data":"Blade Dance","floor":23.0,"key":"SMITH"},{"data":"Blade Dance","floor":25.0,"key":"SMITH"},{"data":"Burst","floor":32.0,"key":"SMITH"},{"data":"Sucker Punch","floor":40,"key":"SMITH"},{"data":"Well Laid Plans","floor":42,"key":"SMITH"},{"data":"Neutralize","floor":44,"key":"SMITH"},{"data":"Finisher","floor":47,"key":"SMITH"},{"floor":49,"key":"RECALL"},{"floor":52,"key":"REST"}],"neow_cost":"NONE","seed_source_timestamp":116547008490400,"circlet_count":0,"master_deck":["AscendersBane","Defend_G","Defend_G","Defend_G","Defend_G","Defend_G","Survivor","Neutralize+1","All Out Attack+1","Quick Slash","Malaise+1","Backstab","Deflect","Blade Dance+1","Well Laid Plans+1","Infinite Blades","Glass Knife","Cloak And Dagger+1","Sucker Punch+1","Blade Dance+1","Bite","Bite","Blade Dance+1","Backstab","Dodge and Roll","Burst+1","Doppelganger","PiercingWail","Quick Slash+1","Dodge and Roll","Finisher+1","Accuracy+1","Blade Dance+1","Blade Dance+1"],"special_seed":0,"relics":["Ring of the Snake","CeramicFish","PreservedInsect","Paper Crane","Omamori","Potion Belt","Kunai","Calling Bell","Dream Catcher","Pear","Incense Burner","Anchor","Shuriken","Smiling Mask","Bronze Scales","Sozu","Pen Nib","Torii","Boot","Gambling Chip","DollysMirror","Mummified Hand"],"potions_floor_usage":[55,55,55],"damage_taken":[{"damage":2.0,"enemies":"Small Slimes","floor":1.0,"turns":7.0},{"damage":4.0,"enemies":"2 Louse","floor":2.0,"turns":4.0},{"damage":0.0,"enemies":"Cultist","floor":5.0,"turns":3.0},{"damage":7.0,"enemies":"3 Sentries","floor":8.0,"turns":5.0},{"damage":4.0,"enemies":"Lagavulin","floor":11.0,"turns":7.0},{"damage":8.0,"enemies":"Exordium Thugs","floor":12.0,"turns":5.0},{"damage":6.0,"enemies":"Lots of Slimes","floor":14.0,"turns":3.0},{"damage":0.0,"enemies":"Hexaghost","floor":16.0,"turns":12.0},{"damage":0.0,"enemies":"Spheric Guardian","floor":18.0,"turns":3.0},{"damage":0.0,"enemies":"Chosen","floor":19.0,"turns":6.0},{"damage":2.0,"enemies":"Centurion and Healer","floor":20.0,"turns":10.0},{"damage":0.0,"enemies":"Slavers","floor":24.0,"turns":3.0},{"damage":0.0,"enemies":"Gremlin Leader","floor":27.0,"turns":4.0},{"damage":0.0,"enemies":"Cultist and Chosen","floor":28.0,"turns":3.0},{"damage":0.0,"enemies":"Chosen and Byrds","floor":30.0,"turns":4.0},{"damage":0.0,"enemies":"Snecko","floor":31.0,"turns":2.0},{"damage":26.0,"enemies":"Champ","floor":33.0,"turns":8.0},{"damage":0,"enemies":"3 Shapes","floor":35,"turns":2},{"damage":4,"enemies":"3 Darklings","floor":37,"turns":4},{"damage":0,"enemies":"Writhing Mass","floor":38,"turns":6},{"damage":12,"enemies":"Transient","floor":39,"turns":5},{"damage":0,"enemies":"Reptomancer","floor":41,"turns":5},{"damage":0,"enemies":"Giant Head","floor":46,"turns":6},{"damage":1,"enemies":"Nemesis","floor":48,"turns":3},{"damage":30,"enemies":"Donu and Deca","floor":50,"turns":11},{"damage":0,"enemies":"Shield and Spear","floor":54,"turns":3},{"damage":24,"enemies":"The Heart","floor":55,"turns":7}],"seed_played":"-7694314120662263352","potions_obtained":[{"floor":1.0,"key":"DistilledChaos"},{"floor":2.0,"key":"Swift Potion"},{"floor":8.0,"key":"Strength Potion"},{"floor":11.0,"key":"Weak Potion"},{"floor":16.0,"key":"SmokeBomb"},{"floor":18.0,"key":"ColorlessPotion"},{"floor":24.0,"key":"PowerPotion"},{"floor":30.0,"key":"Dexterity Potion"}],"is_trial":false,"path_per_floor":["M","M","?","?","M","R","?","E","T","R","E","M","$","M","R","B",null,"M","M","M","?","T","R","E","R","T","E","M","$","M","M","R","B",null,"M","?","M","M","M","R","E","R","T","R","$","E","R","E","R","B",null,"R","$","E","B",null],"character_chosen":"THE_SILENT","items_purchased":["Kunai","Blade Dance","Well Laid Plans","SteroidPotion","Dodge and Roll","Gambling Chip","DollysMirror"],"campfire_rested":1,"item_purchase_floors":[13,13,13,13,29,53,53],"current_hp_per_floor":[57,53,53,42,42,42,42,35,35,35,31,23,23,17,17,17,64,64,64,62,53,53,53,53,53,53,53,53,53,53,53,53,35,49,53,53,53,53,43,43,49,49,49,49,49,53,53,52,52,31,48,53,53,53,33],"gold":155,"neow_bonus":"RANDOM_COMMON_RELIC","is_prod":false,"is_daily":false,"chose_seed":false,"campfire_upgraded":10,"win_rate":0,"timestamp":1668735980,"path_taken":["M","M","?","?","M","R","?","E","T","R","E","M","$","M","R","BOSS","M","M","M","?","?","R","E","R","T","E","?","$","M","?","R","BOSS","M","?","M","M","M","R","E","R","T","R","$","E","R","E","R","BOSS","R","$","E","BOSS"],"build_version":"2022-10-04","purchased_purges":4,"victory":true,"max_hp_per_floor":[66,66,66,66,66,66,66,66,66,66,66,66,66,66,66,66,76,76,76,76,53,53,53,53,53,53,53,53,53,53,53,53,53,53,53,53,53,53,53,53,53,53,53,53,53,53,53,53,53,53,53,53,53,53,53],"relic_stats":{"Torii":27,"counters":[27,141],"CeramicFish":279,"PreservedInsect":467,"Pen Nib":[15],"Omamori":2,"Smiling Mask":225,"Boot":[6],"Sozu":3,"Dream Catcher":1,"Shuriken":[106],"Mummified Hand":[5],"Bronze Scales":[235],"Gambling Chip":[4],"Kunai":[149],"obtain_stats":[{"Potion Belt":11,"Pear":17,"Torii":46,"CeramicFish":0,"PreservedInsect":4,"Pen Nib":41,"Omamori":9,"Incense Burner":17,"Paper Crane":8,"Smiling Mask":26,"Boot":48,"Calling Bell":17,"Sozu":34,"Dream Catcher":17,"Anchor":22,"Shuriken":24,"DollysMirror":53,"Mummified Hand":54,"Bronze Scales":27,"Gambling Chip":53,"Kunai":13,"Ring of the Snake":0},{"Potion Belt":5,"Pear":8,"Torii":23,"CeramicFish":0,"PreservedInsect":2,"Pen Nib":22,"Omamori":4,"Incense Burner":8,"Paper Crane":4,"Smiling Mask":12,"Boot":24,"Calling Bell":8,"Sozu":17,"Dream Catcher":8,"Anchor":11,"Shuriken":12,"DollysMirror":25,"Mummified Hand":26,"Bronze Scales":13,"Gambling Chip":25,"Kunai":6,"Ring of the Snake":0},{"Potion Belt":26,"Pear":46,"Torii":117,"CeramicFish":0,"PreservedInsect":11,"Pen Nib":111,"Omamori":19,"Incense Burner":46,"Paper Crane":19,"Smiling Mask":68,"Boot":120,"Calling Bell":46,"Sozu":89,"Dream Catcher":46,"Anchor":65,"Shuriken":68,"DollysMirror":131,"Mummified Hand":134,"Bronze Scales":72,"Gambling Chip":131,"Kunai":31,"Ring of the Snake":0}],"Ring of the Snake":[54]},"card_choices":[{"not_picked":["PiercingWail","Underhanded Strike"],"picked":"All Out Attack","floor":1.0},{"not_picked":["Setup","Underhanded Strike"],"picked":"Quick Slash","floor":2.0},{"not_picked":["Prepared","Deflect"],"picked":"Malaise","floor":5.0},{"not_picked":["Poisoned Stab","Crippling Poison"],"picked":"Backstab","floor":8.0},{"not_picked":["Concentrate","Flying Knee"],"picked":"Deflect","floor":11.0},{"not_picked":["Deadly Poison","Poisoned Stab"],"picked":"Bouncing Flask","floor":12.0},{"not_picked":["All Out Attack","Tactician"],"picked":"Infinite Blades","floor":14.0},{"not_picked":["Unload","Bullet Time"],"picked":"Glass Knife","floor":16.0},{"not_picked":["Poisoned Stab","Dash"],"picked":"Cloak And Dagger+1","floor":18.0},{"not_picked":["Eviscerate","Noxious Fumes+1"],"picked":"Sucker Punch","floor":19.0},{"not_picked":["Blur+1","Bane"],"picked":"Blade Dance","floor":20.0},{"not_picked":["Reflex","Flechettes"],"picked":"Blade Dance","floor":24.0},{"not_picked":["Poisoned Stab","Deadly Poison"],"picked":"Backstab","floor":27.0},{"not_picked":["Flying Knee","Poisoned Stab","Caltrops"],"picked":"SKIP","floor":28.0},{"not_picked":["All Out Attack","Choke+1","Well Laid Plans"],"picked":"SKIP","floor":30.0},{"not_picked":["Eviscerate","Blade Dance"],"picked":"Burst","floor":31.0},{"not_picked":["Corpse Explosion","Unload"],"picked":"Doppelganger","floor":33.0},{"not_picked":["Dodge and Roll","Deadly Poison"],"picked":"PiercingWail","floor":35},{"not_picked":["Flying Knee","Deadly Poison","Predator"],"picked":"SKIP","floor":37},{"not_picked":["Quick Slash","Bane","Dagger Throw"],"picked":"SKIP","floor":38},{"not_picked":["Riddle With Holes","Poisoned Stab"],"picked":"Quick Slash+1","floor":39},{"not_picked":["Riddle With Holes","Burst"],"picked":"Dodge and Roll","floor":41},{"not_picked":["Flechettes","Underhanded Strike+1"],"picked":"Finisher","floor":46},{"not_picked":["Concentrate","Deflect","Dagger Throw"],"picked":"SKIP","floor":48},{"not_picked":["Sucker Punch","Dodge and Roll+1"],"picked":"Accuracy+1","floor":52},{"not_picked":["Underhanded Strike","Unload"],"picked":"Blade Dance+1","floor":54}],"player_experience":5332812,"relics_obtained":[{"floor":8.0,"key":"Paper Crane"},{"floor":9.0,"key":"Omamori"},{"floor":11.0,"key":"Potion Belt"},{"floor":17.0,"key":"Dream Catcher"},{"floor":17.0,"key":"Pear"},{"floor":17.0,"key":"Incense Burner"},{"floor":22.0,"key":"Anchor"},{"floor":24.0,"key":"Shuriken"},{"floor":26.0,"key":"Smiling Mask"},{"floor":27.0,"key":"Bronze Scales"},{"floor":41,"key":"Pen Nib"},{"floor":46,"key":"Torii"},{"floor":48,"key":"Boot"},{"floor":54,"key":"Mummified Hand"}],"event_choices":[{"damage_healed":0.0,"max_hp_gain":0.0,"max_hp_loss":0.0,"gold_gain":150.0,"event_name":"Liars Game","player_choice":"AGREE","floor":3.0,"gold_loss":0.0,"damage_taken":0.0,"cards_obtained":["Doubt"]},{"damage_healed":0.0,"max_hp_gain":0.0,"max_hp_loss":0.0,"gold_gain":0.0,"event_name":"Scrap Ooze","player_choice":"Success","floor":4.0,"gold_loss":0.0,"damage_taken":11.0,"relics_obtained":["PreservedInsect"]},{"cards_removed":["Doubt"],"damage_healed":0.0,"max_hp_gain":0.0,"max_hp_loss":0.0,"gold_gain":0.0,"event_name":"Purifier","player_choice":"Purged","floor":7.0,"gold_loss":0.0,"damage_taken":0.0},{"damage_healed":0.0,"max_hp_gain":0.0,"max_hp_loss":23.0,"gold_gain":0.0,"event_name":"Vampires","player_choice":"Became a vampire","floor":21.0,"gold_loss":0.0,"damage_taken":0.0,"cards_obtained":["Bite","Bite","Bite","Bite","Bite"]},{"damage_healed":0,"gold_gain":0,"player_choice":"Ignored","damage_taken":0,"max_hp_gain":0,"max_hp_loss":0,"event_name":"Tomb of Lord Red Mask","floor":36,"gold_loss":0}],"is_beta":false,"boss_relics":[{"not_picked":["Ectoplasm","HoveringKite"],"picked":"Calling Bell"},{"not_picked":["Tiny House","SacredBark"],"picked":"Sozu"}],"items_purged_floors":[13,29,45,53],"is_endless":false,"potions_floor_spawned":[1,2,8,11,16,18,24,30,31,37,38,48],"ascension_level":15}