{"gold_per_floor":[114,189,200,211,211,240,240,272,319,244,244,258,277,18,18,95,95,111,36,86,86,68,68,86,86,86,86,99,119,129,146,146,220,220,233,248,523,541,74,106,106,134,134,134,161,57,0,14,14,14],"floor_reached":51,"playtime":3263,"items_purged":["Strike_G","Strike_G","Strike_G","Regret"],"score":1291,"play_id":"d5c6bb1f-d424-4cd4-ad4a-0401c64e25c0","local_time":"20221125175938","is_ascension_mode":true,"campfire_choices":[{"floor":7.0,"key":"REST"},{"floor":11.0,"key":"REST"},{"data":"Noxious Fumes","floor":15.0,"key":"SMITH"},{"floor":23.0,"key":"REST"},{"data":"Well Laid Plans","floor":25.0,"key":"SMITH"},{"data":"Venomology","floor":27.0,"key":"SMITH"},{"data":"Bouncing Flask","floor":32.0,"key":"SMITH"},{"floor":44,"key":"REST"},{"floor":49,"key":"REST"}],"neow_cost":"NONE","seed_source_timestamp":32865241420100,"circlet_count":0,"master_deck":["AscendersBane","Defend_G","Defend_G","Defend_G","Defend_G","Survivor","Neutralize","Quick Slash","PiercingWail","Underhanded Strike+1","Predator","Bouncing Flask+1","Noxious Fumes+1","Dagger Throw","Poisoned Stab","Venomology+1","Burst","Crippling Poison","Bane","Well Laid Plans+1","PiercingWail","Blade Dance+1","Blur+1","After Image","Skewer+1","Deflect+1","Phantasmal Killer+1","Flechettes+1","Acrobatics","Finesse","Die Die Die","Footwork+1","Poisoned Stab+1","Cloak And Dagger","Escape Plan","Flash of Steel","Dodge and Roll"],"special_seed":0,"relics":["Ring of the Snake","Orichalcum","Sundial","PreservedInsect","Snake Skull","Membership Card","Philosopher\u0027s Stone","Pear","Astrolabe","Pantograph","StoneCalendar","Bottled Lightning","Mercury Hourglass","Paper Crane","Happy Flower","Red Mask"],"potions_floor_usage":[42,42,45,48,50,50,50],"damage_taken":[{"damage":2.0,"enemies":"Small Slimes","floor":1.0,"turns":5.0},{"damage":0.0,"enemies":"2 Louse","floor":3.0,"turns":3.0},{"damage":0.0,"enemies":"Jaw Worm","floor":4.0,"turns":5.0},{"damage":31.0,"enemies":"Lagavulin","floor":6.0,"turns":8.0},{"damage":28.0,"enemies":"3 Sentries","floor":8.0,"turns":10.0},{"damage":0.0,"enemies":"Gremlin Gang","floor":12.0,"turns":5.0},{"damage":7.0,"enemies":"Blue Slaver","floor":13.0,"turns":3.0},{"damage":2.0,"enemies":"Hexaghost","floor":16.0,"turns":7.0},{"damage":24.0,"enemies":"2 Thieves","floor":18.0,"turns":4.0},{"damage":6.0,"enemies":"3 Byrds","floor":24.0,"turns":3.0},{"damage":8.0,"enemies":"Shelled Parasite and Fungi","floor":28.0,"turns":5.0},{"damage":0.0,"enemies":"Snake Plant","floor":29.0,"turns":4.0},{"damage":4.0,"enemies":"Centurion and Healer","floor":30.0,"turns":6.0},{"damage":16.0,"enemies":"Cultist and Chosen","floor":31.0,"turns":6.0},{"damage":21.0,"enemies":"Champ","floor":33.0,"turns":11.0},{"damage":3.0,"enemies":"Orb Walker","floor":35.0,"turns":3.0},{"damage":10.0,"enemies":"3 Darklings","floor":36.0,"turns":6.0},{"damage":12.0,"enemies":"4 Shapes","floor":38.0,"turns":6.0},{"damage":2.0,"enemies":"Giant Head","floor":40.0,"turns":6.0},{"damage":8,"enemies":"Nemesis","floor":42,"turns":7},{"damage":23,"enemies":"Giant Head","floor":45,"turns":7},{"damage":0,"enemies":"Jaw Worm Horde","floor":48,"turns":2},{"damage":34,"enemies":"Donu and Deca","floor":50,"turns":8}],"seed_played":"4125057281605985455","potions_obtained":[{"floor":1.0,"key":"CunningPotion"},{"floor":8.0,"key":"LiquidMemories"},{"floor":16.0,"key":"GhostInAJar"},{"floor":28.0,"key":"BlessingOfTheForge"},{"floor":35.0,"key":"Dexterity Potion"},{"floor":40.0,"key":"Strength Potion"},{"floor":45,"key":"Dexterity Potion"}],"is_trial":false,"path_per_floor":["M","?","M","M","?","E","R","E","T","$","R","M","M","$","R","B",null,"M","$","?","?","$","R","M","R","T","R","M","M","M","M","R","B",null,"M","M","?","M","$","E","?","E","T","R","E","$","?","M","R","B",null],"character_chosen":"THE_SILENT","items_purchased":["Membership Card","Poisoned Stab","Venomology","Bane","Well Laid Plans","Finesse","Pantograph","Die Die Die","StoneCalendar","Escape Plan","SkillPotion","Flash of Steel"],"campfire_rested":5,"item_purchase_floors":[14,14,14,19,22,39,39,39,39,46,46,46],"current_hp_per_floor":[57,46,46,46,46,15,34,6,6,6,25,25,18,18,18,16,54,30,30,30,12,12,33,27,27,37,37,29,43,39,23,23,2,61,58,48,48,36,36,34,34,26,26,50,27,27,27,27,51,42],"gold":14,"neow_bonus":"RANDOM_COMMON_RELIC","is_prod":false,"is_daily":false,"chose_seed":false,"campfire_upgraded":4,"win_rate":0,"timestamp":1669427978,"path_taken":["M","?","M","M","?","E","R","E","T","$","R","M","M","$","R","BOSS","M","$","?","?","?","R","M","R","T","R","M","M","M","?","R","BOSS","M","M","?","?","$","E","?","E","T","R","E","$","?","M","R","BOSS"],"build_version":"2022-10-04","purchased_purges":4,"victory":true,"max_hp_per_floor":[66,66,66,66,66,66,66,66,66,66,66,66,66,66,66,66,66,66,66,66,71,71,71,71,71,81,81,81,81,81,81,81,81,81,81,81,81,81,81,81,81,81,81,81,81,81,81,81,81,81],"relic_stats":{"Happy Flower":[3],"counters":[23,130],"Astrolabe":["Skewer","Deflect","Phantasmal Killer"],"StoneCalendar":[143],"PreservedInsect":310,"Snake Skull":[197],"Orichalcum":[318],"Mercury Hourglass":[52],"Sundial":[12],"Pantograph":25,"Membership Card":769,"Bottled Lightning":"Venomology","obtain_stats":[{"Pear":26,"Happy Flower":45,"Astrolabe":34,"StoneCalendar":39,"PreservedInsect":8,"Snake Skull":9,"Orichalcum":0,"Paper Crane":43,"Mercury Hourglass":42,"Sundial":6,"Pantograph":39,"Philosopher\u0027s Stone":17,"Red Mask":47,"Membership Card":14,"Bottled Lightning":40,"Ring of the Snake":0},{"Pear":10,"Happy Flower":21,"Astrolabe":15,"StoneCalendar":18,"PreservedInsect":5,"Snake Skull":5,"Orichalcum":0,"Paper Crane":20,"Mercury Hourglass":20,"Sundial":4,"Pantograph":18,"Philosopher\u0027s Stone":8,"Red Mask":21,"Membership Card":7,"Bottled Lightning":19,"Ring of the Snake":0},{"Pear":53,"Happy Flower":120,"Astrolabe":85,"StoneCalendar":100,"PreservedInsect":31,"Snake Skull":31,"Orichalcum":0,"Paper Crane":113,"Mercury Hourglass":113,"Sundial":21,"Pantograph":100,"Philosopher\u0027s Stone":46,"Red Mask":120,"Membership Card":39,"Bottled Lightning":106,"Ring of the Snake":0}],"Ring of the Snake":[46]},"card_choices":[{"not_picked":["Backflip","Deadly Poison"],"picked":"Quick Slash","floor":1.0},{"not_picked":["Heel Hook","Cloak And Dagger"],"picked":"PiercingWail","floor":3.0},{"not_picked":["Bane","Acrobatics"],"picked":"Underhanded Strike","floor":4.0},{"not_picked":["Deflect","Cloak And Dagger"],"picked":"Predator","floor":6.0},{"not_picked":["Bane","Riddle With Holes"],"picked":"Bouncing Flask","floor":8.0},{"not_picked":["Escape Plan","Dagger Spray"],"picked":"Noxious Fumes","floor":12.0},{"not_picked":["Dagger Spray","Slice"],"picked":"Dagger Throw","floor":13.0},{"not_picked":["Bullet Time","After Image"],"picked":"Burst","floor":16.0},{"not_picked":["Quick Slash","Acrobatics"],"picked":"Crippling Poison","floor":18.0},{"not_picked":["Cloak And Dagger","Deadly Poison"],"picked":"PiercingWail","floor":24.0},{"not_picked":["Finisher","Setup"],"picked":"Blade Dance+1","floor":28.0},{"not_picked":["Noxious Fumes","Sucker Punch","Tactician"],"picked":"SKIP","floor":29.0},{"not_picked":["Tactician+1","Quick Slash"],"picked":"Blur+1","floor":30.0},{"not_picked":["Caltrops","Underhanded Strike","PiercingWail"],"picked":"SKIP","floor":31.0},{"not_picked":["Grand Finale","Unload"],"picked":"After Image","floor":33.0},{"not_picked":["Underhanded Strike+1","Quick Slash","Cloak And Dagger"],"picked":"SKIP","floor":35.0},{"not_picked":["Tools of the Trade","PiercingWail"],"picked":"Flechettes+1","floor":36.0},{"not_picked":["Underhanded Strike+1","Slice"],"picked":"Acrobatics","floor":38.0},{"not_picked":["Adrenaline","Dagger Spray"],"picked":"Footwork+1","floor":40.0},{"not_picked":["Deadly Poison+1","Sucker Punch"],"picked":"Poisoned Stab+1","floor":42},{"not_picked":["Glass Knife","Dagger Spray"],"picked":"Cloak And Dagger","floor":45},{"not_picked":["Well Laid Plans","All Out Attack"],"picked":"Dodge and Roll","floor":48}],"player_experience":5339252,"relics_obtained":[{"floor":6.0,"key":"Sundial"},{"floor":8.0,"key":"PreservedInsect"},{"floor":9.0,"key":"Snake Skull"},{"floor":26.0,"key":"Pear"},{"floor":40.0,"key":"Bottled Lightning"},{"floor":42,"key":"Mercury Hourglass"},{"floor":43,"key":"Paper Crane"},{"floor":45,"key":"Happy Flower"}],"event_choices":[{"damage_healed":0.0,"max_hp_gain":0.0,"max_hp_loss":0.0,"gold_gain":75.0,"event_name":"World of Goop","player_choice":"Gather Gold","floor":2.0,"gold_loss":0.0,"damage_taken":11.0},{"damage_healed":0.0,"max_hp_gain":0.0,"max_hp_loss":0.0,"gold_gain":0.0,"event_name":"Living Wall","player_choice":"Grow","floor":5.0,"gold_loss":0.0,"damage_taken":0.0,"cards_upgraded":["Underhanded Strike"]},{"damage_healed":0.0,"max_hp_gain":0.0,"max_hp_loss":0.0,"gold_gain":50.0,"event_name":"Nest","player_choice":"Stole From Cult","floor":20.0,"gold_loss":0.0,"damage_taken":0.0},{"damage_healed":0.0,"max_hp_gain":5.0,"max_hp_loss":0.0,"gold_gain":0.0,"event_name":"Forgotten Altar","player_choice":"Shed Blood","floor":21.0,"gold_loss":0.0,"damage_taken":23.0},{"damage_healed":0.0,"max_hp_gain":0.0,"max_hp_loss":0.0,"gold_gain":275.0,"event_name":"Golden Shrine","player_choice":"Desecrate","floor":37.0,"gold_loss":0.0,"damage_taken":0.0,"cards_obtained":["Regret"]},{"damage_healed":0,"gold_gain":0,"player_choice":"Ignored","damage_taken":0,"max_hp_gain":0,"max_hp_loss":0,"event_name":"Mysterious Sphere","floor":41,"gold_loss":0},{"damage_healed":0,"gold_gain":0,"player_choice":"Paid","damage_taken":0,"relics_obtained":["Red Mask"],"max_hp_gain":0,"max_hp_loss":0,"event_name":"Tomb of Lord Red Mask","floor":47,"gold_loss":57}],"is_beta":false,"boss_relics":[{"not_picked":["Black Star","Pandora\u0027s Box"],"picked":"Philosopher\u0027s Stone"},{"not_picked":["Fusion Hammer","Calling Bell"],"picked":"Astrolabe"}],"items_purged_floors":[10,14,19,39],"is_endless":false,"potions_floor_spawned":[1,8,16,18,24,28,30,35,40,45],"ascension_level":15}