{"gold_per_floor":[219,231,28,41,0,28,28,47,47,58,58,85,85,121,121,211,211,231,244,48,48,98,138,157,157,157,82,82,82,101,144,144,144],"floor_reached":33,"playtime":1502,"items_purged":[],"score":530,"play_id":"6013b31b-4b3d-4237-b38b-a1d80a3c26a3","local_time":"20221213095957","is_ascension_mode":true,"campfire_choices":[{"data":"Noxious Fumes","floor":7.0,"key":"SMITH"},{"floor":15,"key":"REST"},{"floor":25,"key":"REST"},{"data":"Footwork","floor":29,"key":"SMITH"},{"floor":32,"key":"REST"}],"neow_cost":"NONE","seed_source_timestamp":3835375533200,"circlet_count":0,"master_deck":["AscendersBane","Strike_G","Defend_G","Defend_G","Defend_G","Defend_G","Defend_G","Survivor+1","Neutralize","Deadly Poison+1","Caltrops","Glass Knife","Footwork+1","Noxious Fumes+1","Dash","Backflip","Dagger Throw","Predator+1","Sucker Punch+1","Wraith Form v2","Tools of the Trade+1","Skewer+1","Escape Plan+1","Sucker Punch+1","Deflect","Flying Knee+1","Deflect","Crippling Poison+1","Underhanded Strike+1"],"special_seed":0,"relics":["Ring of the Snake","Happy Flower","Anchor","Molten Egg 2","Golden Idol","War Paint","Astrolabe","Bag of Preparation","MutagenicStrength","Tiny Chest","Ornamental Fan","Vajra"],"potions_floor_usage":[12,33,33],"damage_taken":[{"damage":0.0,"enemies":"Cultist","floor":1.0,"turns":5.0},{"damage":0.0,"enemies":"Small Slimes","floor":2.0,"turns":5.0},{"damage":4.0,"enemies":"Jaw Worm","floor":4.0,"turns":5.0},{"damage":19.0,"enemies":"Gremlin Nob","floor":6.0,"turns":4.0},{"damage":0.0,"enemies":"2 Fungi Beasts","floor":8.0,"turns":4.0},{"damage":0.0,"enemies":"Blue Slaver","floor":10.0,"turns":4.0},{"damage":6,"enemies":"3 Sentries","floor":12,"turns":7},{"damage":22,"enemies":"Gremlin Nob","floor":14,"turns":4},{"damage":17,"enemies":"The Guardian","floor":16,"turns":10},{"damage":2,"enemies":"2 Thieves","floor":18,"turns":5},{"damage":5,"enemies":"Shell Parasite","floor":19,"turns":5},{"damage":14,"enemies":"Gremlin Leader","floor":23,"turns":8},{"damage":0,"enemies":"Snecko","floor":24,"turns":5},{"damage":6,"enemies":"Snake Plant","floor":30,"turns":5},{"damage":6,"enemies":"Book of Stabbing","floor":31,"turns":7},{"damage":60,"enemies":"Collector","floor":33,"turns":9}],"seed_played":"-5070211439524730108","potions_obtained":[{"floor":2.0,"key":"Swift Potion"},{"floor":6.0,"key":"EssenceOfSteel"},{"floor":18,"key":"FearPotion"}],"is_trial":false,"path_per_floor":["M","M","$","M","?","E","R","M","T","M","?","E","?","E","R","B",null,"M","M","$","?","?","E","M","R","T","?","$","R","M","E","R","B"],"character_chosen":"THE_SILENT","items_purchased":["Glass Knife","FearPotion","Footwork","Bag of Preparation","Deflect"],"campfire_rested":3,"item_purchase_floors":[3,3,3,20,20],"current_hp_per_floor":[59,59,59,55,55,36,36,36,36,36,41,35,35,13,32,15,52,50,45,45,45,45,31,31,50,50,50,50,50,44,38,57,0],"gold":144,"neow_bonus":"HUNDRED_GOLD","is_prod":false,"is_daily":false,"chose_seed":false,"campfire_upgraded":2,"win_rate":0,"timestamp":1670954397,"path_taken":["M","?","$","M","?","E","R","M","T","M","?","E","?","E","R","BOSS","M","M","$","?","?","E","M","R","T","?","?","R","M","E","R","BOSS"],"build_version":"2022-12-01","purchased_purges":0,"victory":false,"max_hp_per_floor":[66,66,66,66,66,66,66,66,66,66,71,71,64,64,64,64,64,64,64,64,64,64,64,64,64,64,64,64,64,64,64,64,64],"relic_stats":{"Happy Flower":[24],"counters":[16,92],"Golden Idol":57,"Ornamental Fan":[24],"Astrolabe":["Tools of the Trade","Skewer","Escape Plan"],"Tiny Chest":0,"Bag of Preparation":[10],"War Paint":["Survivor","Deadly Poison"],"obtain_stats":[{"Anchor":9,"Happy Flower":6,"Golden Idol":13,"Ornamental Fan":26,"Astrolabe":17,"MutagenicStrength":21,"Vajra":31,"Molten Egg 2":12,"Tiny Chest":23,"Bag of Preparation":20,"War Paint":14,"Ring of the Snake":0},{"Anchor":5,"Happy Flower":4,"Golden Idol":7,"Ornamental Fan":13,"Astrolabe":9,"MutagenicStrength":11,"Vajra":15,"Molten Egg 2":7,"Tiny Chest":12,"Bag of Preparation":11,"War Paint":8,"Ring of the Snake":0},{"Anchor":23,"Happy Flower":19,"Golden Idol":34,"Ornamental Fan":71,"Astrolabe":48,"MutagenicStrength":58,"Vajra":83,"Molten Egg 2":34,"Tiny Chest":66,"Bag of Preparation":58,"War Paint":38,"Ring of the Snake":0}],"Ring of the Snake":[32]},"card_choices":[{"not_picked":["PiercingWail","Dodge and Roll"],"picked":"Deadly Poison","floor":1.0},{"not_picked":["Outmaneuver","Eviscerate"],"picked":"Caltrops","floor":2.0},{"not_picked":["Slice","Terror"],"picked":"Noxious Fumes","floor":4.0},{"not_picked":["Concentrate","Bouncing Flask"],"picked":"Dash","floor":6.0},{"not_picked":["Underhanded Strike","Infinite Blades"],"picked":"Backflip","floor":8.0},{"not_picked":["Dodge and Roll","Backstab"],"picked":"Dagger Throw","floor":10.0},{"not_picked":["Setup","Dagger Throw+1"],"picked":"Predator+1","floor":12},{"not_picked":["Bouncing Flask","Bane+1"],"picked":"Sucker Punch+1","floor":14},{"not_picked":["Grand Finale+1","Doppelganger"],"picked":"Wraith Form v2","floor":16},{"not_picked":["Well Laid Plans","Dash+1"],"picked":"Sucker Punch+1","floor":18},{"not_picked":["Finisher+1","Bane+1","Backflip"],"picked":"SKIP","floor":19},{"not_picked":["Bane+1","Sucker Punch+1"],"picked":"Flying Knee+1","floor":23},{"not_picked":["Quick Slash+1","Bane+1"],"picked":"Deflect","floor":24},{"not_picked":["Leg Sweep","Sucker Punch+1"],"picked":"Crippling Poison+1","floor":30},{"not_picked":["Cloak And Dagger","Bane+1"],"picked":"Underhanded Strike+1","floor":31}],"player_experience":5354715,"relics_obtained":[{"floor":6.0,"key":"Happy Flower"},{"floor":9.0,"key":"Anchor"},{"floor":12,"key":"Molten Egg 2"},{"floor":14,"key":"War Paint"},{"floor":23,"key":"Tiny Chest"},{"floor":26,"key":"Ornamental Fan"},{"floor":31,"key":"Vajra"}],"event_choices":[{"damage_healed":0.0,"max_hp_gain":0.0,"max_hp_loss":0.0,"gold_gain":0.0,"event_name":"World of Goop","player_choice":"Left Gold","floor":5.0,"gold_loss":41.0,"damage_taken":0.0},{"damage_healed":0.0,"max_hp_gain":5.0,"max_hp_loss":0.0,"gold_gain":0.0,"event_name":"Big Fish","player_choice":"Donut","floor":11.0,"gold_loss":0.0,"damage_taken":0.0},{"damage_healed":0,"gold_gain":0,"player_choice":"Lose Max HP","damage_taken":0,"relics_obtained":["Golden Idol"],"max_hp_gain":0,"max_hp_loss":7,"event_name":"Golden Idol","floor":13,"gold_loss":0},{"damage_healed":0,"gold_gain":0,"player_choice":"Inject Mutagens","damage_taken":0,"relics_obtained":["MutagenicStrength"],"max_hp_gain":0,"max_hp_loss":0,"event_name":"Drug Dealer","floor":21,"gold_loss":0},{"damage_healed":0,"gold_gain":50,"player_choice":"Stole From Cult","damage_taken":0,"max_hp_gain":0,"max_hp_loss":0,"event_name":"Nest","floor":22,"gold_loss":0},{"cards_removed":["Strike_G"],"damage_healed":0,"gold_gain":0,"player_choice":"Gave Gold","damage_taken":0,"max_hp_gain":0,"max_hp_loss":0,"event_name":"Beggar","floor":27,"gold_loss":75}],"is_beta":false,"boss_relics":[{"not_picked":["SacredBark","Coffee Dripper"],"picked":"Astrolabe"}],"items_purged_floors":[],"is_endless":false,"potions_floor_spawned":[2,6,8,10,18,31],"killed_by":"Collector","ascension_level":15}