{"gold_per_floor":[118,138,138,138,156,189,154,154,154,154,168,186,203,237,237,313,313,313,313,313,157,157,157,157,157,157,157,157,157,22,22,22,22,22,22,22,22,22,22,22,22,22,22,22,22,22,22,0,0,0],"floor_reached":51,"playtime":2640,"items_purged":["Strike_G","Strike_G"],"score":1736,"play_id":"a4a79464-f52c-4428-bd31-e35c0ef67e1a","local_time":"20221217215659","is_ascension_mode":true,"campfire_choices":[{"data":"A Thousand Cuts","floor":8,"key":"SMITH"},{"data":"Neutralize","floor":10,"key":"SMITH"},{"floor":15,"key":"REST"},{"data":"Footwork","floor":23,"key":"SMITH"},{"floor":32,"key":"REST"},{"floor":46,"key":"REST"},{"data":"Calculated Gamble","floor":49,"key":"SMITH"}],"neow_cost":"NONE","seed_source_timestamp":48192245779400,"circlet_count":0,"master_deck":["AscendersBane","Strike_G","Strike_G","Defend_G","Defend_G","Defend_G","Defend_G","Defend_G","Survivor","Neutralize+1","Eviscerate","Flying Knee","Dash","A Thousand Cuts+1","Backflip","Deflect","Die Die Die","Sucker Punch","Adrenaline","Blade Dance+1","Blade Dance","Distraction","Footwork+1","RitualDagger","Calculated Gamble+1","Acrobatics","Terror","Caltrops+1","After Image+1","Leg Sweep+1","PiercingWail","Blade Dance+1","Backstab","Footwork+1","Backflip","Dodge and Roll","Blade Dance+1","Backflip"],"relics":["Ring of the Snake","Orichalcum","Snake Skull","Mercury Hourglass","Lantern","Ectoplasm","Pantograph","Art of War","Nunchaku","WingedGreaves","Gremlin Horn","Frozen Egg 2","Black Star","Akabeko","Mummified Hand","Potion Belt","Pen Nib","Oddly Smooth Stone","Pocketwatch","CeramicFish","Kunai","HornCleat","Red Mask"],"potions_floor_usage":[2,6,14,25,28,28,40,42,50],"damage_taken":[{"damage":4,"enemies":"Small Slimes","floor":1,"turns":4},{"damage":0,"enemies":"2 Louse","floor":2,"turns":4},{"damage":6,"enemies":"Jaw Worm","floor":5,"turns":4},{"damage":34,"enemies":"Lagavulin","floor":6,"turns":7},{"damage":5,"enemies":"2 Fungi Beasts","floor":11,"turns":3},{"damage":5,"enemies":"Exordium Thugs","floor":12,"turns":4},{"damage":1,"enemies":"Looter","floor":13,"turns":4},{"damage":0,"enemies":"3 Sentries","floor":14,"turns":4},{"damage":19,"enemies":"The Guardian","floor":16,"turns":14},{"damage":0,"enemies":"Chosen","floor":18,"turns":4},{"damage":4,"enemies":"Shell Parasite","floor":19,"turns":4},{"damage":0,"enemies":"Slavers","floor":25,"turns":4},{"damage":12,"enemies":"Gremlin Leader","floor":27,"turns":5},{"damage":0,"enemies":"Colosseum Slavers","floor":28,"turns":3},{"damage":1,"enemies":"Colosseum Nobs","floor":28,"turns":3},{"damage":17,"enemies":"Book of Stabbing","floor":29,"turns":5},{"damage":0,"enemies":"Snecko","floor":31,"turns":5},{"damage":17,"enemies":"Collector","floor":33,"turns":7},{"damage":0,"enemies":"3 Shapes","floor":35,"turns":1},{"damage":0,"enemies":"Orb Walker","floor":36,"turns":3},{"damage":0,"enemies":"Sphere and 2 Shapes","floor":37,"turns":3},{"damage":0,"enemies":"4 Shapes","floor":39,"turns":6},{"damage":5,"enemies":"Nemesis","floor":40,"turns":5},{"damage":0,"enemies":"Giant Head","floor":41,"turns":5},{"damage":14,"enemies":"Nemesis","floor":42,"turns":5},{"damage":20,"enemies":"Reptomancer","floor":44,"turns":3},{"damage":0,"enemies":"Spire Growth","floor":45,"turns":3},{"damage":0,"enemies":"Writhing Mass","floor":47,"turns":6},{"damage":0,"enemies":"Awakened One","floor":50,"turns":17}],"seed_played":"-1588387456767551075","potions_obtained":[{"floor":0,"key":"Regen Potion"},{"floor":0,"key":"Weak Potion"},{"floor":5,"key":"Strength Potion"},{"floor":11,"key":"PowerPotion"},{"floor":16,"key":"CunningPotion"},{"floor":18,"key":"GhostInAJar"},{"floor":27,"key":"Fire Potion"},{"floor":29,"key":"Explosive Potion"},{"floor":31,"key":"Ancient Potion"},{"floor":37,"key":"Strength Potion"},{"floor":40,"key":"LiquidMemories"},{"floor":41,"key":"ColorlessPotion"},{"floor":44,"key":"LiquidMemories"},{"floor":47,"key":"Regen Potion"}],"is_trial":false,"path_per_floor":["M","M","?","?","M","E","?","R","T","R","M","M","M","E","R","B",null,"M","M","?","$","?","R","?","E","T","E","?","E","$","M","R","B",null,"M","M","M","?","M","E","E","E","T","E","M","R","M","?","R","B",null],"character_chosen":"THE_SILENT","items_purchased":["Footwork","Terror"],"campfire_rested":3,"item_purchase_floors":[21,30],"current_hp_per_floor":[55,66,48,48,42,8,24,24,24,24,19,14,13,13,32,13,53,53,49,49,49,43,43,43,43,43,31,30,13,13,13,32,40,60,60,60,60,60,60,55,55,41,41,21,21,40,40,40,40,65],"gold":0,"neow_bonus":"THREE_SMALL_POTIONS","is_prod":false,"is_daily":false,"chose_seed":false,"campfire_upgraded":4,"win_rate":0,"timestamp":1671343019,"path_taken":["M","M","?","?","M","E","?","R","T","R","M","?","M","E","R","BOSS","M","M","?","?","?","R","?","E","T","E","?","E","$","?","R","BOSS","M","?","M","?","M","E","E","E","T","E","?","R","M","?","R","BOSS"],"build_version":"2022-12-01","purchased_purges":2,"victory":true,"max_hp_per_floor":[66,66,66,66,66,66,66,66,66,66,66,66,66,66,66,66,66,66,66,66,66,66,66,66,66,66,66,66,66,66,66,66,66,66,66,66,66,66,66,66,66,66,66,66,66,66,66,66,66,66],"relic_stats":{"Gremlin Horn":[15,15],"counters":[29,145],"CeramicFish":0,"Snake Skull":[1],"Pen Nib":[13],"Orichalcum":[132],"Mercury Hourglass":[482],"Nunchaku":[29],"Mummified Hand":[27],"Pantograph":50,"Ectoplasm":579,"WingedGreaves":3,"Art of War":[8],"Black Star":4,"Kunai":[24],"obtain_stats":[{"Potion Belt":41,"Lantern":14,"Gremlin Horn":28,"CeramicFish":43,"Oddly Smooth Stone":42,"Snake Skull":6,"Pen Nib":41,"Orichalcum":3,"Frozen Egg 2":29,"Akabeko":40,"Mercury Hourglass":9,"Nunchaku":27,"HornCleat":44,"Mummified Hand":40,"Pantograph":25,"Ectoplasm":17,"WingedGreaves":28,"Art of War":26,"Black Star":34,"Red Mask":48,"Kunai":44,"Ring of the Snake":0,"Pocketwatch":42},{"Potion Belt":24,"Lantern":8,"Gremlin Horn":15,"CeramicFish":25,"Oddly Smooth Stone":25,"Snake Skull":4,"Pen Nib":24,"Orichalcum":2,"Frozen Egg 2":16,"Akabeko":23,"Mercury Hourglass":4,"Nunchaku":13,"HornCleat":26,"Mummified Hand":23,"Pantograph":12,"Ectoplasm":9,"WingedGreaves":15,"Art of War":12,"Black Star":18,"Red Mask":28,"Kunai":26,"Ring of the Snake":0,"Pocketwatch":25},{"Potion Belt":111,"Lantern":34,"Gremlin Horn":71,"CeramicFish":116,"Oddly Smooth Stone":116,"Snake Skull":19,"Pen Nib":111,"Orichalcum":8,"Frozen Egg 2":76,"Akabeko":106,"Mercury Hourglass":19,"Nunchaku":65,"HornCleat":119,"Mummified Hand":106,"Pantograph":60,"Ectoplasm":48,"WingedGreaves":71,"Art of War":60,"Black Star":88,"Red Mask":128,"Kunai":119,"Ring of the Snake":0,"Pocketwatch":116}],"Ring of the Snake":[58],"Pocketwatch":[6]},"card_choices":[{"not_picked":["Bullet Time","Tactician"],"picked":"Eviscerate","floor":1},{"not_picked":["Sucker Punch","Dodge and Roll"],"picked":"Flying Knee","floor":2},{"not_picked":["Tactician","Prepared"],"picked":"Dash","floor":5},{"not_picked":["PiercingWail","Acrobatics"],"picked":"A Thousand Cuts","floor":6},{"not_picked":["Flying Knee","Bane"],"picked":"Backflip","floor":11},{"not_picked":["Poisoned Stab","Infinite Blades"],"picked":"Deflect","floor":12},{"not_picked":["Tactician","Backflip"],"picked":"Die Die Die","floor":13},{"not_picked":["Heel Hook","Setup"],"picked":"Sucker Punch","floor":14},{"not_picked":["Tools of the Trade","Bullet Time"],"picked":"Adrenaline","floor":16},{"not_picked":["Dagger Spray","Setup"],"picked":"Blade Dance+1","floor":18},{"not_picked":["Bane","Infinite Blades"],"picked":"Blade Dance","floor":19},{"not_picked":["Endless Agony","Outmaneuver+1","Skewer"],"picked":"SKIP","floor":25},{"not_picked":["Deadly Poison+1","Deflect"],"picked":"Calculated Gamble","floor":27},{"not_picked":["Backflip","Heel Hook"],"picked":"Acrobatics","floor":29},{"not_picked":["Slice","Deadly Poison"],"picked":"Caltrops+1","floor":31},{"not_picked":["Glass Knife","Adrenaline"],"picked":"After Image+1","floor":33},{"not_picked":["Cloak And Dagger","Sucker Punch","Bane"],"picked":"SKIP","floor":35},{"not_picked":["Outmaneuver","Masterful Stab"],"picked":"Leg Sweep+1","floor":36},{"not_picked":["Eviscerate","Glass Knife"],"picked":"PiercingWail","floor":37},{"not_picked":["Quick Slash","Deflect"],"picked":"Backstab","floor":39},{"not_picked":["Flying Knee","Setup","Prepared"],"picked":"SKIP","floor":40},{"not_picked":["Heel Hook+1","Doppelganger"],"picked":"Footwork+1","floor":41},{"not_picked":["Outmaneuver","Wraith Form v2+1"],"picked":"Backflip","floor":42},{"not_picked":["Deflect","Dash"],"picked":"Dodge and Roll","floor":44},{"not_picked":["Catalyst+1","Dagger Spray"],"picked":"Blade Dance+1","floor":45},{"not_picked":["Expertise","Deadly Poison+1"],"picked":"Backflip","floor":47}],"player_experience":5358658,"relics_obtained":[{"floor":6,"key":"Snake Skull"},{"floor":9,"key":"Mercury Hourglass"},{"floor":14,"key":"Lantern"},{"floor":25,"key":"Pantograph"},{"floor":26,"key":"Art of War"},{"floor":27,"key":"Nunchaku"},{"floor":28,"key":"WingedGreaves"},{"floor":28,"key":"Gremlin Horn"},{"floor":29,"key":"Frozen Egg 2"},{"floor":40,"key":"Akabeko"},{"floor":40,"key":"Mummified Hand"},{"floor":41,"key":"Potion Belt"},{"floor":41,"key":"Pen Nib"},{"floor":42,"key":"Oddly Smooth Stone"},{"floor":42,"key":"Pocketwatch"},{"floor":43,"key":"CeramicFish"},{"floor":44,"key":"Kunai"},{"floor":44,"key":"HornCleat"}],"event_choices":[{"damage_healed":0,"gold_gain":0,"player_choice":"Success","damage_taken":18,"relics_obtained":["Orichalcum"],"max_hp_gain":0,"max_hp_loss":0,"event_name":"Scrap Ooze","floor":3,"gold_loss":0},{"damage_healed":0,"gold_gain":0,"player_choice":"Ignored","damage_taken":0,"max_hp_gain":0,"max_hp_loss":0,"event_name":"Liars Game","floor":4,"gold_loss":0},{"damage_healed":16,"gold_gain":0,"player_choice":"Healed","damage_taken":0,"max_hp_gain":0,"max_hp_loss":0,"event_name":"The Cleric","floor":7,"gold_loss":35},{"damage_healed":0,"gold_gain":0,"cards_transformed":["Strike_G"],"player_choice":"Transformed","damage_taken":0,"max_hp_gain":0,"max_hp_loss":0,"event_name":"Transmorgrifier","floor":20,"gold_loss":0,"cards_obtained":["Distraction"]},{"damage_healed":0,"gold_gain":0,"player_choice":"Joined the Cult","damage_taken":6,"max_hp_gain":0,"max_hp_loss":0,"event_name":"Nest","floor":22,"gold_loss":0,"cards_obtained":["RitualDagger"]},{"damage_healed":0,"gold_gain":0,"player_choice":"Ignored","damage_taken":0,"max_hp_gain":0,"max_hp_loss":0,"event_name":"The Mausoleum","floor":24,"gold_loss":0},{"damage_healed":0,"gold_gain":0,"player_choice":"Fight","damage_taken":0,"max_hp_gain":0,"max_hp_loss":0,"event_name":"Colosseum","floor":28,"gold_loss":0},{"damage_healed":0,"gold_gain":0,"player_choice":"Fought Nobs","damage_taken":0,"max_hp_gain":0,"max_hp_loss":0,"event_name":"Colosseum","floor":28,"gold_loss":0},{"damage_healed":0,"gold_gain":0,"player_choice":"Copied","damage_taken":0,"max_hp_gain":0,"max_hp_loss":0,"event_name":"Duplicator","floor":38,"gold_loss":0,"cards_obtained":["Blade Dance"]},{"damage_healed":0,"gold_gain":0,"player_choice":"Paid","damage_taken":0,"relics_obtained":["Red Mask"],"max_hp_gain":0,"max_hp_loss":0,"event_name":"Tomb of Lord Red Mask","floor":48,"gold_loss":22}],"is_beta":false,"boss_relics":[{"not_picked":["Ring of the Serpent","SlaversCollar"],"picked":"Ectoplasm"},{"not_picked":["Sozu","Philosopher\u0027s Stone"],"picked":"Black Star"}],"items_purged_floors":[21,30],"is_endless":false,"potions_floor_spawned":[5,11,12,16,18,27,29,31,37,40,41,44,47],"ascension_level":15}