{"gold_per_floor":[116,116,116,140,154,189,189,214,240,41,41,64,108,121,121,217,217,241,257,257,278,130,161,179,219,219,67,107,152,152,176,176,274,274,299,322,347,375,395,404,12,39,90,90,139,162,240,293,293,293],"floor_reached":51,"playtime":2513,"items_purged":["Strike_G","Strike_G","Bite+1"],"score":1470,"play_id":"31140ea4-5755-41a1-a7ec-fe2c083f9ef2","local_time":"20221229124238","is_ascension_mode":true,"campfire_choices":[{"data":"Neutralize","floor":7.0,"key":"SMITH"},{"data":"Blade Dance","floor":11,"key":"SMITH"},{"data":"Well Laid Plans","floor":15,"key":"SMITH"},{"data":"Footwork","floor":32,"key":"SMITH"},{"data":"Backflip","floor":44,"key":"SMITH"},{"data":"Adrenaline","floor":49,"key":"SMITH"}],"neow_cost":"NONE","seed_source_timestamp":12527936005000,"circlet_count":0,"master_deck":["AscendersBane","Defend_G+1","Defend_G","Defend_G","Defend_G","Defend_G","Survivor","Neutralize+1","Blade Dance+1","Dash","Well Laid Plans+1","Blade Dance+1","Accuracy+1","PiercingWail","Adrenaline+1","Blade Dance","Poisoned Stab+1","Cloak And Dagger","Footwork+1","Die Die Die","Finisher+1","Bite+1","Bite+1","Bite+1","Bite+1","Dodge and Roll+1","Malaise","Infinite Blades+1","Acrobatics","Blade Dance+1","Endless Agony+1","Backflip+1","Dodge and Roll+1","Deflect+1","Dodge and Roll","Backflip+1"],"special_seed":0,"relics":["Ring of the Snake","Golden Idol","Strawberry","War Paint","Orichalcum","Toy Ornithopter","Black Star","Ancient Tea Set","CeramicFish","Bag of Marbles","Molten Egg 2","Nunchaku","Letter Opener","Mummified Hand","Art of War","WristBlade","PreservedInsect","Akabeko","Bottled Flame","Ninja Scroll","Blue Candle","Vajra","Smiling Mask"],"potions_floor_usage":[16,21,23,23,28,38,39,42,45,50,50],"damage_taken":[{"damage":0.0,"enemies":"2 Louse","floor":1.0,"turns":4.0},{"damage":2.0,"enemies":"Small Slimes","floor":4.0,"turns":6.0},{"damage":0.0,"enemies":"Jaw Worm","floor":5.0,"turns":5.0},{"damage":23.0,"enemies":"Lagavulin","floor":6.0,"turns":8.0},{"damage":5.0,"enemies":"Lots of Slimes","floor":8.0,"turns":6.0},{"damage":4,"enemies":"3 Sentries","floor":13,"turns":6},{"damage":0,"enemies":"Blue Slaver","floor":14,"turns":3},{"damage":2,"enemies":"The Guardian","floor":16,"turns":11},{"damage":17,"enemies":"Spheric Guardian","floor":18,"turns":4},{"damage":0,"enemies":"3 Byrds","floor":19,"turns":4},{"damage":1,"enemies":"Shelled Parasite and Fungi","floor":21,"turns":5},{"damage":15,"enemies":"Book of Stabbing","floor":23,"turns":6},{"damage":9,"enemies":"Snake Plant","floor":24,"turns":6},{"damage":0,"enemies":"Gremlin Leader","floor":25,"turns":6},{"damage":6,"enemies":"Slavers","floor":28,"turns":6},{"damage":0,"enemies":"3 Cultists","floor":31,"turns":5},{"damage":42,"enemies":"Collector","floor":33,"turns":10},{"damage":14,"enemies":"3 Darklings","floor":35,"turns":5},{"damage":0,"enemies":"Orb Walker","floor":36,"turns":2},{"damage":8,"enemies":"Maw","floor":37,"turns":5},{"damage":11,"enemies":"Jaw Worm Horde","floor":38,"turns":4},{"damage":19,"enemies":"Spire Growth","floor":39,"turns":4},{"damage":27,"enemies":"Transient","floor":42,"turns":5},{"damage":4,"enemies":"Nemesis","floor":45,"turns":7},{"damage":0,"enemies":"Sphere and 2 Shapes","floor":46,"turns":3},{"damage":4,"enemies":"Reptomancer","floor":48,"turns":3},{"damage":29,"enemies":"Donu and Deca","floor":50,"turns":7}],"seed_played":"-1538812222489705934","potions_obtained":[{"floor":0.0,"key":"Swift Potion"},{"floor":0.0,"key":"EssenceOfSteel"},{"floor":1.0,"key":"FearPotion"},{"floor":14,"key":"SteroidPotion"},{"floor":16,"key":"SpeedPotion"},{"floor":23,"key":"SmokeBomb"},{"floor":24,"key":"GhostInAJar"},{"floor":35,"key":"FearPotion"},{"floor":37,"key":"Ancient Potion"},{"floor":42,"key":"Fire Potion"},{"floor":46,"key":"EssenceOfSteel"}],"is_trial":false,"path_per_floor":["M","?","?","M","M","E","R","M","T","$","R","T","E","M","R","B",null,"M","M","?","M","$","E","M","E","T","$","E","?","?","M","R","B",null,"M","M","M","M","M","?","$","M","T","R","E","M","T","E","R","B",null],"character_chosen":"THE_SILENT","items_purchased":["Accuracy","SteroidPotion","BlessingOfTheForge","Nunchaku","PreservedInsect","Dexterity Potion","BlessingOfTheForge","Backflip"],"campfire_rested":0,"item_purchase_floors":[10,10,22,27,41,41,41,41],"current_hp_per_floor":[59,59,52,50,50,34,34,29,29,29,29,29,25,25,25,28,57,40,40,40,44,44,39,32,34,34,34,35,35,35,53,53,41,61,62,65,59,65,54,54,54,41,41,41,57,60,60,59,59,50],"gold":293,"neow_bonus":"THREE_SMALL_POTIONS","is_prod":false,"is_daily":false,"chose_seed":false,"campfire_upgraded":6,"win_rate":0,"timestamp":1672346558,"path_taken":["M","?","?","M","M","E","R","M","T","$","R","?","E","?","R","BOSS","M","M","?","M","$","E","?","E","T","$","E","?","?","M","R","BOSS","M","M","?","M","M","?","$","?","T","R","E","M","?","E","R","BOSS"],"build_version":"2022-12-18","purchased_purges":3,"victory":true,"max_hp_per_floor":[66,60,60,60,60,67,67,67,67,67,67,67,67,67,67,67,67,67,67,67,67,67,67,67,67,67,67,67,67,67,67,67,67,67,67,67,67,67,67,67,67,67,67,67,67,67,67,67,67,67],"relic_stats":{"counters":[27,146],"Golden Idol":167,"CeramicFish":162,"Blue Candle":[0],"PreservedInsect":110,"Letter Opener":[140],"War Paint":["Defend_G","Blade Dance"],"Orichalcum":[168],"Ancient Tea Set":[6],"Smiling Mask":0,"Nunchaku":[29],"Bottled Flame":"Neutralize","Mummified Hand":[38],"Black Star":5,"Art of War":[3],"obtain_stats":[{"Golden Idol":2,"CeramicFish":25,"Blue Candle":47,"Vajra":48,"PreservedInsect":41,"Letter Opener":28,"War Paint":9,"Orichalcum":12,"Ancient Tea Set":23,"Smiling Mask":48,"Akabeko":43,"Blood Vial":23,"Nunchaku":27,"Bottled Flame":45,"WristBlade":34,"Mummified Hand":28,"Ninja Scroll":45,"Strawberry":6,"Molten Egg 2":26,"Black Star":17,"Bag of Marbles":25,"Art of War":30,"Toy Ornithopter":13,"Ring of the Snake":0},{"Golden Idol":1,"CeramicFish":14,"Blue Candle":25,"Vajra":26,"PreservedInsect":22,"Letter Opener":15,"War Paint":5,"Orichalcum":5,"Ancient Tea Set":12,"Smiling Mask":26,"Akabeko":23,"Blood Vial":12,"Nunchaku":14,"Bottled Flame":24,"WristBlade":17,"Mummified Hand":15,"Ninja Scroll":24,"Strawberry":4,"Molten Egg 2":14,"Black Star":8,"Bag of Marbles":14,"Art of War":15,"Toy Ornithopter":6,"Ring of the Snake":0},{"Golden Idol":4,"CeramicFish":80,"Blue Candle":136,"Vajra":139,"PreservedInsect":121,"Letter Opener":86,"War Paint":29,"Orichalcum":29,"Ancient Tea Set":68,"Smiling Mask":139,"Akabeko":126,"Blood Vial":68,"Nunchaku":80,"Bottled Flame":133,"WristBlade":101,"Mummified Hand":86,"Ninja Scroll":133,"Strawberry":23,"Molten Egg 2":80,"Black Star":49,"Bag of Marbles":80,"Art of War":86,"Toy Ornithopter":35,"Ring of the Snake":0}],"Toy Ornithopter":50,"Ring of the Snake":[54]},"card_choices":[{"not_picked":["Cloak And Dagger","Dodge and Roll"],"picked":"Blade Dance","floor":1.0},{"not_picked":["Terror","Dodge and Roll"],"picked":"Dash","floor":4.0},{"not_picked":["Outmaneuver","Prepared"],"picked":"Well Laid Plans","floor":5.0},{"not_picked":["Riddle With Holes","Well Laid Plans","Doppelganger"],"picked":"SKIP","floor":6.0},{"not_picked":["Acrobatics","Bane"],"picked":"Blade Dance","floor":8.0},{"not_picked":["Noxious Fumes","Bane"],"picked":"PiercingWail","floor":13},{"not_picked":["Underhanded Strike","Slice","Tactician"],"picked":"SKIP","floor":14},{"not_picked":["Venomology","Grand Finale"],"picked":"Adrenaline","floor":16},{"not_picked":["Backflip","Choke"],"picked":"Blade Dance","floor":18},{"not_picked":["Masterful Stab","Slice+1"],"picked":"Poisoned Stab+1","floor":19},{"not_picked":["Underhanded Strike","Dodge and Roll"],"picked":"Cloak And Dagger","floor":21},{"not_picked":["Masterful Stab","Skewer","Deadly Poison"],"picked":"SKIP","floor":23},{"not_picked":["Endless Agony","Riddle With Holes"],"picked":"Footwork","floor":24},{"not_picked":["All Out Attack","PiercingWail"],"picked":"Die Die Die","floor":25},{"not_picked":["All Out Attack+1","Dagger Throw+1"],"picked":"Finisher+1","floor":28},{"not_picked":["Terror","Distraction+1"],"picked":"Dodge and Roll+1","floor":31},{"not_picked":["Doppelganger","Wraith Form v2"],"picked":"Malaise","floor":33},{"not_picked":["Dagger Spray+1","Dash+1","Choke+1"],"picked":"SKIP","floor":35},{"not_picked":["Backflip+1","Flying Knee+1"],"picked":"Infinite Blades+1","floor":36},{"not_picked":["Endless Agony+1","Infinite Blades"],"picked":"Acrobatics","floor":37},{"not_picked":["Deflect","Acrobatics+1"],"picked":"Blade Dance+1","floor":38},{"not_picked":["Predator+1","Finisher+1","Bouncing Flask"],"picked":"SKIP","floor":39},{"not_picked":["Blur","Predator+1"],"picked":"Dodge and Roll+1","floor":42},{"not_picked":["Infinite Blades+1","Sucker Punch+1"],"picked":"Deflect+1","floor":45},{"not_picked":["Sucker Punch+1","Bullet Time"],"picked":"Dodge and Roll","floor":46},{"not_picked":["Flying Knee+1","Wraith Form v2"],"picked":"Backflip+1","floor":48}],"player_experience":5394956,"relics_obtained":[{"floor":6.0,"key":"Strawberry"},{"floor":9.0,"key":"War Paint"},{"floor":12,"key":"Orichalcum"},{"floor":13,"key":"Toy Ornithopter"},{"floor":23,"key":"Blood Vial"},{"floor":23,"key":"Ancient Tea Set"},{"floor":25,"key":"CeramicFish"},{"floor":25,"key":"Bag of Marbles"},{"floor":26,"key":"Molten Egg 2"},{"floor":28,"key":"Letter Opener"},{"floor":28,"key":"Mummified Hand"},{"floor":43,"key":"Akabeko"},{"floor":45,"key":"Bottled Flame"},{"floor":45,"key":"Ninja Scroll"},{"floor":47,"key":"Blue Candle"},{"floor":48,"key":"Vajra"},{"floor":48,"key":"Smiling Mask"}],"event_choices":[{"damage_healed":0.0,"max_hp_gain":0.0,"max_hp_loss":6.0,"gold_gain":0.0,"event_name":"Golden Idol","player_choice":"Lose Max HP","floor":2.0,"gold_loss":0.0,"damage_taken":0.0,"relics_obtained":["Golden Idol"]},{"cards_removed":["Strike_G"],"damage_healed":0.0,"max_hp_gain":0.0,"max_hp_loss":0.0,"gold_gain":0.0,"event_name":"Golden Wing","player_choice":"Card Removal","floor":3.0,"gold_loss":0.0,"damage_taken":7.0},{"damage_healed":0,"gold_gain":0,"player_choice":"Upgraded","damage_taken":0,"max_hp_gain":0,"max_hp_loss":0,"event_name":"Upgrade Shrine","floor":20,"gold_loss":0,"cards_upgraded":["Accuracy"]},{"damage_healed":0,"gold_gain":0,"player_choice":"Became a vampire (Vial)","damage_taken":0,"max_hp_gain":0,"max_hp_loss":0,"event_name":"Vampires","floor":29,"relics_lost":["Blood Vial"],"gold_loss":0,"cards_obtained":["Bite","Bite","Bite","Bite","Bite"]},{"damage_healed":0,"gold_gain":0,"player_choice":"Gave Potion","damage_taken":0,"relics_obtained":["Art of War"],"max_hp_gain":0,"max_hp_loss":0,"event_name":"WeMeetAgain","floor":30,"gold_loss":0},{"damage_healed":0,"gold_gain":0,"player_choice":"1 cards matched","damage_taken":0,"max_hp_gain":0,"max_hp_loss":0,"event_name":"Match and Keep!","floor":40,"gold_loss":0,"cards_obtained":["Endless Agony"]}],"is_beta":false,"boss_relics":[{"not_picked":["Tiny House","Runic Dome"],"picked":"Black Star"},{"not_picked":["Sozu","SacredBark"],"picked":"WristBlade"}],"items_purged_floors":[10,22,41],"is_endless":false,"potions_floor_spawned":[1,5,14,16,18,23,24,35,37,42,46,48],"ascension_level":15}