{"gold_per_floor":[216,196,207,220,238,238,19,48,75,85,102,121,141,171,171,245,245,256,171,171,187,112,141,141,156,156,156,170,201,251,277,277,355,355,375,375,387,397,407,407,407,432,432,461,481,499,10,29,29,29],"floor_reached":51,"playtime":3131,"items_purged":["Strike_G","Strike_G"],"score":1464,"play_id":"f8892b88-07bd-4b93-9042-eaf0948e98ec","local_time":"20221228231953","is_ascension_mode":true,"campfire_choices":[{"data":"Neutralize","floor":6.0,"key":"SMITH"},{"floor":15.0,"key":"REST"},{"data":"Calculated Gamble","floor":24.0,"key":"SMITH"},{"data":"After Image","floor":27.0,"key":"SMITH"},{"floor":32.0,"key":"REST"},{"data":"All Out Attack","floor":41.0,"key":"SMITH"},{"floor":49,"key":"REST"}],"neow_cost":"NONE","seed_source_timestamp":134585458790900,"circlet_count":0,"master_deck":["AscendersBane","Strike_G","Defend_G","Defend_G","Defend_G+1","Defend_G","Defend_G","Survivor+1","Neutralize+1","Slice","All Out Attack+1","Dagger Throw","Well Laid Plans","Backstab","Quick Slash","After Image","Cloak And Dagger","Blade Dance","Deflect","Die Die Die","Calculated Gamble+1","After Image+1","Wraith Form v2","Dagger Throw","Tactician","Calculated Gamble+1","Footwork","Acrobatics","Malaise","Underhanded Strike+1","Terror","Blade Dance","Quick Slash+1","Deflect","Acrobatics+1","Dark Shackles","Blade Dance","Escape Plan","Underhanded Strike","Dagger Throw+1"],"special_seed":0,"relics":["Ring of the Serpent","Membership Card","Vajra","Orichalcum","Happy Flower","Cursed Key","Ginger","War Paint","Tough Bandages","Ancient Tea Set","Bottled Tornado","Kunai","Question Card","Bottled Lightning","Blood Vial","TwistedFunnel"],"potions_floor_usage":[50,50],"damage_taken":[{"damage":0.0,"enemies":"Jaw Worm","floor":1.0,"turns":5.0},{"damage":0.0,"enemies":"Cultist","floor":3.0,"turns":4.0},{"damage":3.0,"enemies":"2 Louse","floor":4.0,"turns":3.0},{"damage":4.0,"enemies":"Blue Slaver","floor":5.0,"turns":3.0},{"damage":16.0,"enemies":"Gremlin Nob","floor":8.0,"turns":3.0},{"damage":1.0,"enemies":"Looter","floor":10.0,"turns":2.0},{"damage":6.0,"enemies":"Red Slaver","floor":11.0,"turns":4.0},{"damage":2.0,"enemies":"2 Fungi Beasts","floor":12.0,"turns":3.0},{"damage":0.0,"enemies":"Gremlin Gang","floor":13.0,"turns":1.0},{"damage":4.0,"enemies":"3 Sentries","floor":14.0,"turns":6.0},{"damage":22.0,"enemies":"Slime Boss","floor":16.0,"turns":11.0},{"damage":0.0,"enemies":"3 Byrds","floor":18.0,"turns":4.0},{"damage":8.0,"enemies":"Spheric Guardian","floor":21.0,"turns":4.0},{"damage":3.0,"enemies":"Slavers","floor":23.0,"turns":3.0},{"damage":3.0,"enemies":"Centurion and Healer","floor":25.0,"turns":5.0},{"damage":8.0,"enemies":"Snecko","floor":28.0,"turns":6.0},{"damage":0.0,"enemies":"Gremlin Leader","floor":29.0,"turns":7.0},{"damage":22.0,"enemies":"Slavers","floor":31.0,"turns":6.0},{"damage":0.0,"enemies":"Collector","floor":33.0,"turns":19.0},{"damage":0.0,"enemies":"Orb Walker","floor":35.0,"turns":4.0},{"damage":10.0,"enemies":"3 Shapes","floor":37.0,"turns":6.0},{"damage":0.0,"enemies":"Jaw Worm Horde","floor":38.0,"turns":4.0},{"damage":9.0,"enemies":"Spire Growth","floor":39.0,"turns":6.0},{"damage":6.0,"enemies":"Nemesis","floor":42.0,"turns":7.0},{"damage":26.0,"enemies":"Reptomancer","floor":44.0,"turns":7.0},{"damage":5.0,"enemies":"3 Darklings","floor":45.0,"turns":6.0},{"damage":0,"enemies":"Writhing Mass","floor":46,"turns":11},{"damage":0,"enemies":"4 Shapes","floor":48,"turns":5},{"damage":1,"enemies":"Awakened One","floor":50,"turns":17}],"seed_played":"-1629447347785070155","potions_obtained":[{"floor":1.0,"key":"PowerPotion"},{"floor":2.0,"key":"Strength Potion"},{"floor":16.0,"key":"AttackPotion"},{"floor":18.0,"key":"Ancient Potion"},{"floor":21.0,"key":"Explosive Potion"},{"floor":23.0,"key":"Fruit Juice"},{"floor":37.0,"key":"DuplicationPotion"},{"floor":42.0,"key":"Block Potion"},{"floor":46,"key":"Strength Potion"}],"is_trial":false,"path_per_floor":["M","?","M","M","M","R","$","E","T","M","M","M","M","E","R","B",null,"M","?","?","M","$","E","R","M","T","R","M","E","?","E","R","B",null,"M","?","M","M","M","?","R","E","T","E","M","M","$","M","R","B",null],"character_chosen":"THE_SILENT","items_purchased":["Membership Card","Backstab","War Paint","Dark Shackles","Blade Dance","Bottled Lightning","SteroidPotion","Escape Plan","Blood Vial","TwistedFunnel","Underhanded Strike"],"campfire_rested":3,"item_purchase_floors":[7,7,22,47,47,47,47,47,47,47,47],"current_hp_per_floor":[59,59,59,56,52,52,52,36,36,35,29,27,27,23,42,20,55,55,55,55,47,47,44,44,41,41,41,33,33,33,11,30,35,62,62,62,52,52,43,43,43,37,37,11,6,6,6,8,29,30],"gold":29,"neow_bonus":"HUNDRED_GOLD","is_prod":false,"is_daily":false,"chose_seed":false,"campfire_upgraded":4,"win_rate":0,"timestamp":1672298393,"path_taken":["M","?","?","M","M","R","$","E","T","M","M","M","M","E","R","BOSS","M","?","?","M","$","E","R","M","T","R","M","E","?","E","R","BOSS","M","?","M","M","?","?","R","E","T","E","?","M","$","M","R","BOSS"],"build_version":"2022-12-18","purchased_purges":2,"victory":true,"max_hp_per_floor":[66,66,66,66,66,66,66,66,66,66,66,66,66,66,66,66,66,66,66,66,66,66,66,66,66,66,66,66,66,66,66,66,71,71,71,71,71,71,71,71,71,71,71,71,71,71,71,71,71,71],"relic_stats":{"Happy Flower":[46],"counters":[29,172],"Ginger":[10],"Orichalcum":[18],"War Paint":["Survivor","Defend_G"],"Bottled Tornado":"Well Laid Plans","Cursed Key":0,"Ancient Tea Set":[6],"Question Card":3,"Blood Vial":4,"Tough Bandages":[840],"Membership Card":633,"Kunai":[40],"Bottled Lightning":"Calculated Gamble","obtain_stats":[{"TwistedFunnel":47,"Happy Flower":14,"Vajra":8,"Ginger":19,"Orichalcum":9,"War Paint":22,"Bottled Tornado":31,"Cursed Key":17,"Ancient Tea Set":29,"Question Card":44,"Blood Vial":47,"Tough Bandages":23,"Membership Card":7,"Kunai":42,"Bottled Lightning":47,"Ring of the Serpent":34,"Ring of the Snake":0},{"TwistedFunnel":27,"Happy Flower":10,"Vajra":5,"Ginger":12,"Orichalcum":5,"War Paint":13,"Bottled Tornado":18,"Cursed Key":11,"Ancient Tea Set":17,"Question Card":25,"Blood Vial":27,"Tough Bandages":14,"Membership Card":4,"Kunai":24,"Bottled Lightning":27,"Ring of the Serpent":19,"Ring of the Snake":0},{"TwistedFunnel":150,"Happy Flower":34,"Vajra":18,"Ginger":49,"Orichalcum":18,"War Paint":53,"Bottled Tornado":80,"Cursed Key":45,"Ancient Tea Set":74,"Question Card":133,"Blood Vial":150,"Tough Bandages":56,"Membership Card":15,"Kunai":126,"Bottled Lightning":150,"Ring of the Serpent":99,"Ring of the Snake":0}]},"card_choices":[{"not_picked":["Cloak And Dagger","Finisher"],"picked":"Slice","floor":1.0},{"not_picked":["Blade Dance","Caltrops"],"picked":"All Out Attack","floor":3.0},{"not_picked":["Dodge and Roll","Outmaneuver"],"picked":"Dagger Throw","floor":4.0},{"not_picked":["PiercingWail","Backflip"],"picked":"Well Laid Plans","floor":5.0},{"not_picked":["Underhanded Strike","Dagger Throw"],"picked":"Quick Slash","floor":8.0},{"not_picked":["Bane","Underhanded Strike"],"picked":"After Image","floor":10.0},{"not_picked":["Accuracy","Backflip"],"picked":"Cloak And Dagger","floor":11.0},{"not_picked":["Poisoned Stab","Prepared"],"picked":"Blade Dance","floor":12.0},{"not_picked":["Flying Knee","Quick Slash","Night Terror"],"picked":"SKIP","floor":13.0},{"not_picked":["Noxious Fumes","Calculated Gamble"],"picked":"Deflect","floor":14.0},{"not_picked":["Storm of Steel","Corpse Explosion"],"picked":"Die Die Die","floor":16.0},{"not_picked":["Acrobatics","Slice"],"picked":"Calculated Gamble","floor":18.0},{"not_picked":["Deflect","Cloak And Dagger"],"picked":"Dagger Throw","floor":21.0},{"not_picked":["Eviscerate","Heel Hook"],"picked":"Tactician","floor":23.0},{"not_picked":["Concentrate","Deadly Poison"],"picked":"Calculated Gamble","floor":25.0},{"not_picked":["Outmaneuver","Quick Slash","Cloak And Dagger"],"picked":"SKIP","floor":28.0},{"not_picked":["Choke","Blur"],"picked":"Footwork","floor":29.0},{"not_picked":["PiercingWail","Bane+1"],"picked":"Acrobatics","floor":31.0},{"not_picked":["Grand Finale","Envenom"],"picked":"Malaise","floor":33.0},{"not_picked":["Slice","Finisher","Prepared"],"picked":"SKIP","floor":35.0},{"not_picked":["Flying Knee","Quick Slash"],"picked":"Underhanded Strike+1","floor":37.0},{"not_picked":["Backstab+1","Bane"],"picked":"Terror","floor":38.0},{"not_picked":["Dodge and Roll","Terror"],"picked":"Blade Dance","floor":39.0},{"not_picked":["Deadly Poison","Setup"],"picked":"Quick Slash+1","floor":42.0},{"not_picked":["Bullet Time","Prepared"],"picked":"Deflect","floor":44.0},{"not_picked":["Concentrate","Dagger Throw","All Out Attack+1"],"picked":"Acrobatics+1","floor":45.0},{"not_picked":["Prepared","Bane+1","Noxious Fumes","Blade Dance"],"picked":"SKIP","floor":46},{"not_picked":["Backstab","Dagger Spray","Deadly Poison"],"picked":"Dagger Throw+1","floor":48}],"player_experience":5390188,"relics_obtained":[{"floor":8.0,"key":"Vajra"},{"floor":9.0,"key":"Orichalcum"},{"floor":14.0,"key":"Happy Flower"},{"floor":23.0,"key":"Tough Bandages"},{"floor":29.0,"key":"Ancient Tea Set"},{"floor":31.0,"key":"Bottled Tornado"},{"floor":42.0,"key":"Kunai"},{"floor":44.0,"key":"Question Card"}],"event_choices":[{"damage_healed":0.0,"max_hp_gain":0.0,"max_hp_loss":0.0,"gold_gain":0.0,"event_name":"The Woman in Blue","player_choice":"Bought 1 Potion","floor":2.0,"gold_loss":0.0,"damage_taken":0.0},{"damage_healed":0.0,"max_hp_gain":0.0,"max_hp_loss":0.0,"gold_gain":0.0,"event_name":"Addict","player_choice":"Obtained Relic","floor":19.0,"gold_loss":85.0,"damage_taken":0.0,"relics_obtained":["Ginger"]},{"damage_healed":0.0,"max_hp_gain":0.0,"max_hp_loss":0.0,"gold_gain":0.0,"cards_transformed":["Strike_G","Strike_G"],"event_name":"Drug Dealer","player_choice":"Became Test Subject","floor":20.0,"gold_loss":0.0,"damage_taken":0.0,"cards_obtained":["After Image","Wraith Form v2"]},{"damage_healed":0.0,"max_hp_gain":0.0,"max_hp_loss":0.0,"gold_gain":50.0,"event_name":"Nest","player_choice":"Stole From Cult","floor":30.0,"gold_loss":0.0,"damage_taken":0.0},{"damage_healed":0.0,"max_hp_gain":0.0,"max_hp_loss":0.0,"gold_gain":0.0,"event_name":"Match and Keep!","player_choice":"0 cards matched","floor":36.0,"gold_loss":0.0,"damage_taken":0.0,"cards_obtained":[]},{"damage_healed":0.0,"max_hp_gain":0.0,"max_hp_loss":0.0,"gold_gain":0.0,"event_name":"Upgrade Shrine","player_choice":"Upgraded","floor":40.0,"gold_loss":0.0,"damage_taken":0.0,"cards_upgraded":["Calculated Gamble"]}],"is_beta":false,"boss_relics":[{"not_picked":["Coffee Dripper","Black Star"],"picked":"Cursed Key"},{"not_picked":["Busted Crown","Philosopher\u0027s Stone"],"picked":"Ring of the Serpent"}],"items_purged_floors":[7,47],"is_endless":false,"potions_floor_spawned":[1,3,5,16,18,21,23,37,42,46],"ascension_level":15}