{"gold_per_floor":[119,119,169,183,6,6,41,61,61,26,26,58,16,50,50,129,129,146,71,86,105,105,105,19,19,43,43],"floor_reached":27,"playtime":851,"items_purged":[],"score":397,"play_id":"13c9586e-ae01-4a84-aa63-4380fa59dfc3","local_time":"20230107165741","is_ascension_mode":true,"campfire_choices":[{"data":"Eviscerate","floor":6.0,"key":"SMITH"},{"data":"Noxious Fumes","floor":15.0,"key":"SMITH"},{"data":"A Thousand Cuts","floor":23,"key":"SMITH"},{"data":"Blade Dance","floor":25,"key":"SMITH"}],"neow_cost":"NONE","seed_source_timestamp":807151455383800,"circlet_count":0,"master_deck":["AscendersBane","Strike_G","Strike_G","Strike_G","Strike_G","Defend_G","Defend_G","Defend_G","Defend_G","Defend_G","Survivor","Neutralize+1","Backflip","Noxious Fumes+1","Eviscerate+1","Flying Knee","After Image","Blade Dance+1","PiercingWail","Acrobatics","A Thousand Cuts+1","Accuracy","Acrobatics","Footwork","Leg Sweep"],"special_seed":0,"relics":["Ring of the Snake","Bottled Lightning","The Courier","Incense Burner","Mercury Hourglass","Philosopher\u0027s Stone","Potion Belt"],"potions_floor_usage":[],"damage_taken":[{"damage":0.0,"enemies":"2 Louse","floor":1.0,"turns":4.0},{"damage":2.0,"enemies":"Small Slimes","floor":4.0,"turns":5.0},{"damage":17.0,"enemies":"Lagavulin","floor":7.0,"turns":7.0},{"damage":1.0,"enemies":"Cultist","floor":8.0,"turns":4.0},{"damage":22.0,"enemies":"Gremlin Nob","floor":12.0,"turns":4.0},{"damage":10.0,"enemies":"Lagavulin","floor":14.0,"turns":7.0},{"damage":5.0,"enemies":"Hexaghost","floor":16.0,"turns":10.0},{"damage":9.0,"enemies":"2 Thieves","floor":18.0,"turns":4.0},{"damage":4,"enemies":"Chosen","floor":20,"turns":4},{"damage":3,"enemies":"3 Cultists","floor":21,"turns":6},{"damage":37,"enemies":"Book of Stabbing","floor":27,"turns":7}],"seed_played":"4225041346818282670","potions_obtained":[{"floor":1.0,"key":"ColorlessPotion"},{"floor":8.0,"key":"Energy Potion"},{"floor":14.0,"key":"SkillPotion"},{"floor":20,"key":"Fire Potion"}],"is_trial":false,"path_per_floor":["M","?","?","M","$","R","E","M","T","?","?","E","$","E","R","B",null,"M","?","M","M","?","R","$","R","T","E"],"character_chosen":"THE_SILENT","items_purchased":["Eviscerate","BlessingOfTheForge","Flying Knee","Swift Potion","Footwork","Leg Sweep"],"campfire_rested":0,"item_purchase_floors":[5,5,5,13,24,24],"current_hp_per_floor":[59,59,53,51,51,51,34,33,33,49,49,27,27,17,17,12,53,44,44,40,37,37,37,37,37,37,0],"gold":43,"neow_bonus":"UPGRADE_CARD","is_prod":false,"is_daily":false,"chose_seed":false,"campfire_upgraded":4,"win_rate":0,"timestamp":1673139461,"path_taken":["M","?","?","M","$","R","E","?","T","?","?","E","?","E","R","BOSS","M","?","M","M","?","R","$","R","T","E"],"build_version":"2022-12-18","purchased_purges":0,"victory":false,"max_hp_per_floor":[66,66,66,66,66,66,66,66,66,66,66,66,66,66,66,66,66,66,66,66,66,66,66,66,66,66,66],"relic_stats":{"counters":[11,62],"The Courier":31,"Bottled Lightning":"Backflip","obtain_stats":[{"Potion Belt":26,"Philosopher\u0027s Stone":17,"The Courier":9,"Incense Burner":12,"Bottled Lightning":7,"Ring of the Snake":0,"Mercury Hourglass":14},{"Potion Belt":10,"Philosopher\u0027s Stone":7,"The Courier":4,"Incense Burner":5,"Bottled Lightning":3,"Ring of the Snake":0,"Mercury Hourglass":6},{"Potion Belt":55,"Philosopher\u0027s Stone":41,"The Courier":20,"Incense Burner":24,"Bottled Lightning":16,"Ring of the Snake":0,"Mercury Hourglass":31}],"Ring of the Snake":[22],"Mercury Hourglass":[111]},"card_choices":[{"not_picked":["Flechettes","PiercingWail"],"picked":"Backflip","floor":1.0},{"not_picked":["Acrobatics","Catalyst"],"picked":"Noxious Fumes","floor":4.0},{"not_picked":["Dodge and Roll","Flying Knee"],"picked":"After Image","floor":7.0},{"not_picked":["Poisoned Stab","Accuracy"],"picked":"Blade Dance","floor":8.0},{"not_picked":["Escape Plan","Flying Knee"],"picked":"PiercingWail","floor":12.0},{"not_picked":["Deflect","Prepared"],"picked":"Acrobatics","floor":14.0},{"not_picked":["Venomology","Glass Knife"],"picked":"A Thousand Cuts","floor":16.0},{"not_picked":["Choke","Prepared"],"picked":"Accuracy","floor":18.0},{"not_picked":["Bouncing Flask+1","Slice","Heel Hook"],"picked":"SKIP","floor":20},{"not_picked":["Riddle With Holes","Backflip"],"picked":"Acrobatics","floor":21}],"player_experience":5447529,"relics_obtained":[{"floor":7.0,"key":"Bottled Lightning"},{"floor":9.0,"key":"The Courier"},{"floor":12.0,"key":"Incense Burner"},{"floor":14.0,"key":"Mercury Hourglass"},{"floor":26,"key":"Potion Belt"}],"event_choices":[{"damage_healed":0.0,"max_hp_gain":0.0,"max_hp_loss":0.0,"gold_gain":0.0,"event_name":"Golden Wing","player_choice":"Ignored","floor":2.0,"gold_loss":0.0,"damage_taken":0.0},{"damage_healed":0.0,"max_hp_gain":0.0,"max_hp_loss":0.0,"gold_gain":50.0,"event_name":"FaceTrader","player_choice":"Touch","floor":3.0,"gold_loss":0.0,"damage_taken":6.0},{"damage_healed":16.0,"max_hp_gain":0.0,"max_hp_loss":0.0,"gold_gain":0.0,"event_name":"The Cleric","player_choice":"Healed","floor":10.0,"gold_loss":35.0,"damage_taken":0.0},{"damage_healed":0.0,"max_hp_gain":0.0,"max_hp_loss":0.0,"gold_gain":0.0,"event_name":"Liars Game","player_choice":"Ignored","floor":11.0,"gold_loss":0.0,"damage_taken":0.0},{"cards_removed":["Strike_G"],"damage_healed":0.0,"max_hp_gain":0.0,"max_hp_loss":0.0,"gold_gain":0.0,"event_name":"Beggar","player_choice":"Gave Gold","floor":19.0,"gold_loss":75.0,"damage_taken":0.0},{"damage_healed":0,"gold_gain":0,"player_choice":"Ignored","damage_taken":0,"max_hp_gain":0,"max_hp_loss":0,"event_name":"Ghosts","floor":22,"gold_loss":0}],"is_beta":false,"boss_relics":[{"not_picked":["Runic Dome","SacredBark"],"picked":"Philosopher\u0027s Stone"}],"items_purged_floors":[],"is_endless":false,"potions_floor_spawned":[1,8,14,20],"killed_by":"Book of Stabbing","ascension_level":15}