{"gold_per_floor":[113,188,188,201,219,219,250,250,250,263,263,277,288,307,307,307],"floor_reached":16,"playtime":558,"items_purged":[],"score":208,"play_id":"9fc0071c-8af3-4e95-89cd-803110da4758","local_time":"20230115211621","is_ascension_mode":true,"campfire_choices":[{"data":"Sucker Punch","floor":6.0,"key":"SMITH"},{"data":"Dagger Throw","floor":8.0,"key":"SMITH"},{"data":"Poisoned Stab","floor":15.0,"key":"SMITH"}],"neow_cost":"NONE","seed_source_timestamp":43713388927400,"circlet_count":0,"master_deck":["AscendersBane","Strike_G","Strike_G","Strike_G","Strike_G","Strike_G","Defend_G","Defend_G","Defend_G","Defend_G","Defend_G","Survivor","Neutralize","Quick Slash","Sucker Punch+1","Backflip","Dagger Throw+1","Slice","Leg Sweep","Poisoned Stab+1"],"special_seed":0,"relics":["Ring of the Snake","Blue Candle","Potion Belt","Snake Skull"],"potions_floor_usage":[16,16],"damage_taken":[{"damage":0.0,"enemies":"2 Louse","floor":1.0,"turns":4.0},{"damage":4.0,"enemies":"Small Slimes","floor":4.0,"turns":4.0},{"damage":6.0,"enemies":"Jaw Worm","floor":5.0,"turns":6.0},{"damage":22.0,"enemies":"3 Sentries","floor":7.0,"turns":12.0},{"damage":2.0,"enemies":"Exordium Wildlife","floor":10.0,"turns":4.0},{"damage":4.0,"enemies":"3 Louse","floor":12.0,"turns":4.0},{"damage":0.0,"enemies":"2 Fungi Beasts","floor":13.0,"turns":4.0},{"damage":3.0,"enemies":"Looter","floor":14.0,"turns":4.0},{"damage":15,"enemies":"Slime Boss","floor":16,"turns":5}],"seed_played":"9008669456801373174","potions_obtained":[{"floor":0.0,"key":"Regen Potion"},{"floor":0.0,"key":"DistilledChaos"},{"floor":10.0,"key":"Regen Potion"},{"floor":13.0,"key":"LiquidMemories"},{"floor":14.0,"key":"AttackPotion"}],"is_trial":false,"path_per_floor":["M","?","?","M","M","R","E","R","T","M","?","M","M","M","R","B"],"character_chosen":"THE_SILENT","items_purchased":[],"campfire_rested":0,"item_purchase_floors":[],"current_hp_per_floor":[59,48,48,56,50,50,28,28,28,26,8,16,16,13,13,0],"gold":307,"neow_bonus":"THREE_SMALL_POTIONS","is_prod":false,"is_daily":false,"chose_seed":false,"campfire_upgraded":3,"win_rate":0,"timestamp":1673846181,"path_taken":["M","?","?","M","M","R","E","R","T","M","?","M","M","?","R","BOSS"],"build_version":"2022-12-18","purchased_purges":0,"victory":false,"max_hp_per_floor":[66,66,66,66,66,66,66,66,66,66,66,66,66,66,66,66],"relic_stats":{"counters":[9,47],"Blue Candle":[0],"Snake Skull":[2],"obtain_stats":[{"Potion Belt":9,"Blue Candle":7,"Snake Skull":11,"Ring of the Snake":0},{"Potion Belt":4,"Blue Candle":4,"Snake Skull":5,"Ring of the Snake":0},{"Potion Belt":26,"Blue Candle":26,"Snake Skull":30,"Ring of the Snake":0}],"Ring of the Snake":[18]},"card_choices":[{"not_picked":["Infinite Blades","Dodge and Roll"],"picked":"Quick Slash","floor":1.0},{"not_picked":["Tactician","Prepared"],"picked":"Sucker Punch","floor":4.0},{"not_picked":["Infinite Blades","Dodge and Roll"],"picked":"Backflip","floor":5.0},{"not_picked":["Poisoned Stab","Endless Agony"],"picked":"Dagger Throw","floor":7.0},{"not_picked":["Quick Slash","Unload"],"picked":"Slice","floor":10.0},{"not_picked":["Catalyst","Tactician"],"picked":"Leg Sweep","floor":12.0},{"not_picked":["Sucker Punch","Cloak And Dagger"],"picked":"Poisoned Stab","floor":13.0},{"not_picked":["Leg Sweep","Dodge and Roll","Cloak And Dagger"],"picked":"SKIP","floor":14.0}],"player_experience":5454950,"relics_obtained":[{"floor":7.0,"key":"Blue Candle"},{"floor":9.0,"key":"Potion Belt"}],"event_choices":[{"damage_healed":0.0,"max_hp_gain":0.0,"max_hp_loss":0.0,"gold_gain":75.0,"event_name":"World of Goop","player_choice":"Gather Gold","floor":2.0,"gold_loss":0.0,"damage_taken":11.0},{"damage_healed":0.0,"max_hp_gain":0.0,"max_hp_loss":0.0,"gold_gain":0.0,"event_name":"Liars Game","player_choice":"Ignored","floor":3.0,"gold_loss":0.0,"damage_taken":0.0},{"damage_healed":0.0,"max_hp_gain":0.0,"max_hp_loss":0.0,"gold_gain":0.0,"event_name":"Scrap Ooze","player_choice":"Success","floor":11.0,"gold_loss":0.0,"damage_taken":18.0,"relics_obtained":["Snake Skull"]}],"is_beta":false,"boss_relics":[],"items_purged_floors":[],"is_endless":false,"potions_floor_spawned":[1,10,13,14],"killed_by":"Slime Boss","ascension_level":20}