{"gold_per_floor":[118,136,211,211,16,43,43,73,97,110,110,121,147,27,27,101,101,120,138,149,74,92,92,118,118,118,149,168,186,186,219,219,295,295,310,310,323,323,342,342,358,385,385,385,417,417,135,148,148,148],"floor_reached":51,"playtime":2475,"items_purged":["Strike_G","Well Laid Plans+1"],"score":1511,"play_id":"26d44bbc-50c3-40ee-9b05-4102c69b9b67","local_time":"20230109182427","is_ascension_mode":true,"campfire_choices":[{"data":"Well Laid Plans","floor":7.0,"key":"SMITH"},{"floor":11.0,"key":"REST"},{"data":"Deadly Poison","floor":15.0,"key":"SMITH"},{"data":"Dagger Spray","floor":23.0,"key":"SMITH"},{"data":"All Out Attack","floor":25.0,"key":"SMITH"},{"floor":30.0,"key":"REST"},{"data":"Dodge and Roll","floor":32.0,"key":"SMITH"},{"floor":40.0,"key":"REST"},{"floor":44,"key":"REST"},{"data":"Noxious Fumes","floor":49,"key":"SMITH"}],"neow_cost":"NONE","seed_source_timestamp":119006159439100,"circlet_count":0,"master_deck":["AscendersBane","Strike_G+1","Strike_G+1","Strike_G+1","Defend_G+1","Defend_G+1","Defend_G+1","Defend_G+1","Defend_G+1","Survivor+1","Neutralize+1","Poisoned Stab+1","Slice+1","Dodge and Roll+1","Flying Knee+1","Dagger Throw+1","Escape Plan+1","Deadly Poison+1","Adrenaline+1","Dagger Spray+1","Catalyst+1","Cloak And Dagger+1","Skewer+1","All Out Attack+1","Bouncing Flask+1","Leg Sweep+1","Calculated Gamble+1","Doppelganger+1","Leg Sweep+1","Bane+1","Catalyst+1","Blur+1","Noxious Fumes+1"],"special_seed":0,"relics":["Ring of the Snake","Art of War","Orichalcum","Eternal Feather","Nunchaku","Torii","Cursed Key","Strawberry","Peace Pipe","War Paint","Runic Pyramid","Gremlin Horn","Dream Catcher","Mark of the Bloom","ClockworkSouvenir"],"potions_floor_usage":[45,50,50],"damage_taken":[{"damage":3.0,"enemies":"Small Slimes","floor":1.0,"turns":5.0},{"damage":0.0,"enemies":"2 Louse","floor":2.0,"turns":2.0},{"damage":0.0,"enemies":"Gremlin Nob","floor":6.0,"turns":3.0},{"damage":20.0,"enemies":"3 Sentries","floor":8.0,"turns":10.0},{"damage":4.0,"enemies":"Jaw Worm","floor":10.0,"turns":4.0},{"damage":1.0,"enemies":"3 Louse","floor":12.0,"turns":4.0},{"damage":20.0,"enemies":"Gremlin Nob","floor":13.0,"turns":5.0},{"damage":4.0,"enemies":"The Guardian","floor":16.0,"turns":10.0},{"damage":22.0,"enemies":"Spheric Guardian","floor":18.0,"turns":6.0},{"damage":0.0,"enemies":"3 Byrds","floor":19.0,"turns":4.0},{"damage":8.0,"enemies":"Shelled Parasite and Fungi","floor":20.0,"turns":4.0},{"damage":1.0,"enemies":"Centurion and Healer","floor":22.0,"turns":6.0},{"damage":20.0,"enemies":"Slavers","floor":24.0,"turns":7.0},{"damage":13.0,"enemies":"Gremlin Leader","floor":27.0,"turns":7.0},{"damage":1.0,"enemies":"Cultist and Chosen","floor":28.0,"turns":4.0},{"damage":7.0,"enemies":"3 Cultists","floor":29.0,"turns":5.0},{"damage":2.0,"enemies":"Slavers","floor":31.0,"turns":4.0},{"damage":45.0,"enemies":"Automaton","floor":33.0,"turns":8.0},{"damage":34.0,"enemies":"3 Darklings","floor":35.0,"turns":5.0},{"damage":0.0,"enemies":"Orb Walker","floor":37.0,"turns":3.0},{"damage":6.0,"enemies":"3 Darklings","floor":39.0,"turns":6.0},{"damage":20.0,"enemies":"Spire Growth","floor":41.0,"turns":6.0},{"damage":9.0,"enemies":"Nemesis","floor":42.0,"turns":5.0},{"damage":1,"enemies":"Reptomancer","floor":45,"turns":6},{"damage":2,"enemies":"Writhing Mass","floor":48,"turns":5},{"damage":0,"enemies":"Awakened One","floor":50,"turns":16}],"seed_played":"4987879786437820470","potions_obtained":[{"floor":0.0,"key":"Regen Potion"},{"floor":0.0,"key":"SkillPotion"},{"floor":2.0,"key":"ColorlessPotion"},{"floor":10.0,"key":"Explosive Potion"},{"floor":13.0,"key":"PowerPotion"},{"floor":18.0,"key":"SteroidPotion"},{"floor":28.0,"key":"ColorlessPotion"},{"floor":29.0,"key":"Swift Potion"},{"floor":31.0,"key":"ColorlessPotion"},{"floor":39.0,"key":"SkillPotion"},{"floor":42.0,"key":"Dexterity Potion"},{"floor":45,"key":"SkillPotion"}],"is_trial":false,"path_per_floor":["M","M","?","?","$","E","R","E","T","M","R","M","E","$","R","B",null,"M","M","M","?","M","R","E","R","T","E","M","M","R","E","R","B",null,"M","?","M","?","M","R","M","E","T","R","E","?","$","M","R","B",null],"character_chosen":"THE_SILENT","items_purchased":["Strength Potion","Art of War","Deadly Poison","ClockworkSouvenir","Noxious Fumes"],"campfire_rested":4,"item_purchase_floors":[5,5,14,47,47],"current_hp_per_floor":[65,65,54,34,34,34,34,14,14,10,38,37,17,17,29,25,56,34,34,26,26,25,37,24,39,39,26,25,18,54,52,67,22,60,26,26,26,26,20,59,39,30,30,69,68,68,68,66,66,66],"gold":148,"neow_bonus":"THREE_SMALL_POTIONS","is_prod":false,"is_daily":false,"chose_seed":false,"campfire_upgraded":6,"win_rate":0,"timestamp":1673317467,"path_taken":["M","M","?","?","$","E","R","E","T","M","R","M","E","$","R","BOSS","M","M","M","?","M","R","E","R","T","E","M","M","R","E","R","BOSS","M","?","M","?","M","R","M","E","T","R","E","?","$","M","R","BOSS"],"build_version":"2022-12-18","purchased_purges":2,"victory":true,"max_hp_per_floor":[66,66,66,66,66,66,66,66,66,66,66,66,66,66,66,66,66,66,66,66,66,66,66,73,73,73,73,73,73,73,73,73,73,73,73,73,73,73,73,73,73,73,73,73,73,73,73,73,73,73],"relic_stats":{"Mark of the Bloom":18,"Torii":34,"Gremlin Horn":[7,8],"counters":[26,150],"Eternal Feather":114,"Orichalcum":[186],"War Paint":["Escape Plan","Catalyst"],"Cursed Key":0,"Peace Pipe":0,"Nunchaku":[29],"Dream Catcher":0,"Art of War":[12],"obtain_stats":[{"Mark of the Bloom":46,"Torii":13,"Gremlin Horn":42,"Eternal Feather":8,"Orichalcum":6,"War Paint":31,"Cursed Key":17,"ClockworkSouvenir":47,"Peace Pipe":27,"Nunchaku":9,"Dream Catcher":45,"Strawberry":24,"Art of War":5,"Ring of the Snake":0,"Runic Pyramid":34},{"Mark of the Bloom":24,"Torii":7,"Gremlin Horn":23,"Eternal Feather":4,"Orichalcum":3,"War Paint":17,"Cursed Key":8,"ClockworkSouvenir":24,"Peace Pipe":14,"Nunchaku":4,"Dream Catcher":24,"Strawberry":13,"Art of War":2,"Ring of the Snake":0,"Runic Pyramid":18},{"Mark of the Bloom":129,"Torii":33,"Gremlin Horn":123,"Eternal Feather":20,"Orichalcum":10,"War Paint":90,"Cursed Key":43,"ClockworkSouvenir":129,"Peace Pipe":77,"Nunchaku":20,"Dream Catcher":129,"Strawberry":70,"Art of War":7,"Ring of the Snake":0,"Runic Pyramid":98}],"Ring of the Snake":[52]},"card_choices":[{"not_picked":["Bane","Underhanded Strike"],"picked":"Poisoned Stab","floor":1.0},{"not_picked":["Night Terror","Quick Slash"],"picked":"Slice","floor":2.0},{"not_picked":["Terror","Flying Knee"],"picked":"Well Laid Plans","floor":6.0},{"not_picked":["Well Laid Plans","Underhanded Strike"],"picked":"Dodge and Roll","floor":8.0},{"not_picked":["Underhanded Strike","Slice"],"picked":"Flying Knee","floor":10.0},{"not_picked":["Bane","Choke"],"picked":"Dagger Throw","floor":12.0},{"not_picked":["Outmaneuver","Catalyst"],"picked":"Escape Plan","floor":13.0},{"not_picked":["Bullet Time","Tools of the Trade"],"picked":"Adrenaline","floor":16.0},{"not_picked":["Caltrops","Calculated Gamble"],"picked":"Dagger Spray","floor":18.0},{"not_picked":["Dagger Spray","Poisoned Stab"],"picked":"Catalyst","floor":19.0},{"not_picked":["Tactician","Outmaneuver"],"picked":"Cloak And Dagger","floor":20.0},{"not_picked":["Poisoned Stab","Sucker Punch"],"picked":"Skewer","floor":22.0},{"not_picked":["Expertise","Masterful Stab"],"picked":"All Out Attack","floor":24.0},{"not_picked":["Prepared","Outmaneuver"],"picked":"Bouncing Flask+1","floor":27.0},{"not_picked":["Escape Plan","Predator"],"picked":"Leg Sweep","floor":28.0},{"not_picked":["Masterful Stab","Outmaneuver"],"picked":"Calculated Gamble+1","floor":29.0},{"not_picked":["Cloak And Dagger","Phantasmal Killer","Slice"],"picked":"SKIP","floor":31.0},{"not_picked":["A Thousand Cuts","Envenom"],"picked":"Doppelganger","floor":33.0},{"not_picked":["Cloak And Dagger","Quick Slash"],"picked":"Leg Sweep+1","floor":35.0},{"not_picked":["Slice","Phantasmal Killer"],"picked":"Bane+1","floor":37.0},{"not_picked":["Poisoned Stab","Bouncing Flask","Prepared"],"picked":"SKIP","floor":39.0},{"not_picked":["Backflip","Cloak And Dagger"],"picked":"Catalyst+1","floor":41.0},{"not_picked":["Bane","Blade Dance","Finisher"],"picked":"SKIP","floor":42.0},{"not_picked":["Calculated Gamble","Dagger Throw"],"picked":"Blur","floor":45},{"not_picked":["Tactician","Eviscerate","Quick Slash"],"picked":"SKIP","floor":48}],"player_experience":5448925,"relics_obtained":[{"floor":6.0,"key":"Orichalcum"},{"floor":8.0,"key":"Eternal Feather"},{"floor":9.0,"key":"Nunchaku"},{"floor":13.0,"key":"Torii"},{"floor":24.0,"key":"Strawberry"},{"floor":27.0,"key":"Peace Pipe"},{"floor":31.0,"key":"War Paint"},{"floor":42.0,"key":"Gremlin Horn"},{"floor":45,"key":"Dream Catcher"}],"event_choices":[{"damage_healed":0.0,"max_hp_gain":0.0,"max_hp_loss":0.0,"gold_gain":75.0,"event_name":"World of Goop","player_choice":"Gather Gold","floor":3.0,"gold_loss":0.0,"damage_taken":11.0},{"damage_healed":0.0,"max_hp_gain":0.0,"max_hp_loss":0.0,"gold_gain":0.0,"event_name":"Shining Light","player_choice":"Entered Light","floor":4.0,"gold_loss":0.0,"damage_taken":20.0,"cards_upgraded":["Poisoned Stab","Neutralize"]},{"cards_removed":["Strike_G"],"damage_healed":0.0,"max_hp_gain":0.0,"max_hp_loss":0.0,"gold_gain":0.0,"event_name":"Beggar","player_choice":"Gave Gold","floor":21.0,"gold_loss":75.0,"damage_taken":0.0},{"damage_healed":0.0,"max_hp_gain":0.0,"max_hp_loss":0.0,"gold_gain":0.0,"event_name":"Tomb of Lord Red Mask","player_choice":"Ignored","floor":36.0,"gold_loss":0.0,"damage_taken":0.0},{"damage_healed":0.0,"max_hp_gain":0.0,"max_hp_loss":0.0,"gold_gain":0.0,"event_name":"Mysterious Sphere","player_choice":"Ignored","floor":38.0,"gold_loss":0.0,"damage_taken":0.0},{"damage_healed":0,"gold_gain":0,"player_choice":"Upgrade","damage_taken":0,"relics_obtained":["Mark of the Bloom"],"max_hp_gain":0,"max_hp_loss":0,"event_name":"MindBloom","floor":46,"gold_loss":0,"cards_upgraded":["Strike_G","Strike_G","Strike_G","Defend_G","Defend_G","Defend_G","Defend_G","Defend_G","Survivor","Slice","Flying Knee","Dagger Throw","Adrenaline","Cloak And Dagger","Skewer","Leg Sweep","Doppelganger","Blur"]}],"is_beta":false,"boss_relics":[{"not_picked":["Philosopher\u0027s Stone","Velvet Choker"],"picked":"Cursed Key"},{"not_picked":["Tiny House","HoveringKite"],"picked":"Runic Pyramid"}],"items_purged_floors":[14,47],"is_endless":false,"potions_floor_spawned":[2,10,13,16,18,22,28,29,31,39,42,45,48],"ascension_level":15}