{"gold_per_floor":[119,134,284,284,112,447,447,447,519,537,556,580,613,627,627,703,703,722,93,93,108,9,9,39,39,62,73,73,85,102,49,49,49],"floor_reached":33,"playtime":1340,"items_purged":["Doubt","Strike_G"],"score":600,"play_id":"9460a43d-7dd8-4df6-be36-645c76693024","local_time":"20230114195651","is_ascension_mode":true,"campfire_choices":[{"data":"Caltrops","floor":7,"key":"SMITH"},{"data":"Predator","floor":15,"key":"SMITH"},{"data":"Accuracy","floor":23,"key":"SMITH"},{"floor":25,"key":"REST"},{"floor":32,"key":"REST"}],"neow_cost":"NONE","seed_source_timestamp":41177315189400,"circlet_count":0,"master_deck":["AscendersBane","Strike_G","Defend_G","Defend_G","Defend_G","Defend_G","Defend_G","Survivor","Neutralize","Dagger Spray","Blade Dance","Caltrops+1","Backflip","Dash","Blade Dance","Acrobatics","Predator+1","After Image","Flechettes+1","Underhanded Strike+1","Predator+1","Backflip","Accuracy+1","Footwork","Prepared+1","Blur"],"special_seed":0,"relics":["Ring of the Snake","Old Coin","Toy Ornithopter","Pear","Odd Mushroom","Nunchaku","Astrolabe","Letter Opener","Vajra","Tiny Chest","Mango","Bag of Preparation","TungstenRod"],"potions_floor_usage":[6,12,13,16,21,24,33,33],"damage_taken":[{"damage":2.0,"enemies":"2 Louse","floor":1.0,"turns":4.0},{"damage":7.0,"enemies":"Small Slimes","floor":2.0,"turns":3.0},{"damage":27,"enemies":"Lagavulin","floor":6,"turns":9},{"damage":4,"enemies":"Jaw Worm","floor":10,"turns":3},{"damage":4,"enemies":"3 Louse","floor":11,"turns":3},{"damage":1,"enemies":"The Mushroom Lair","floor":12,"turns":5},{"damage":10,"enemies":"3 Sentries","floor":13,"turns":8},{"damage":0,"enemies":"Exordium Wildlife","floor":14,"turns":3},{"damage":22,"enemies":"The Guardian","floor":16,"turns":14},{"damage":26,"enemies":"Spheric Guardian","floor":18,"turns":5},{"damage":5,"enemies":"Shell Parasite","floor":21,"turns":5},{"damage":30,"enemies":"Book of Stabbing","floor":24,"turns":6},{"damage":33,"enemies":"Snake Plant","floor":27,"turns":4},{"damage":0,"enemies":"3 Cultists","floor":29,"turns":5},{"damage":27,"enemies":"Sentry and Sphere","floor":30,"turns":6},{"damage":51,"enemies":"Champ","floor":33,"turns":15}],"seed_played":"-1232274241666574205","potions_obtained":[{"floor":2.0,"key":"Dexterity Potion"},{"floor":11,"key":"Regen Potion"},{"floor":12,"key":"Fire Potion"},{"floor":13,"key":"SpeedPotion"},{"floor":18,"key":"SkillPotion"},{"floor":27,"key":"SpeedPotion"}],"is_trial":false,"path_per_floor":["M","M","?","?","$","E","R","T","T","M","M","?","E","M","R","B",null,"M","$","?","M","?","R","E","R","T","M","T","M","M","$","R","B"],"character_chosen":"THE_SILENT","items_purchased":["BlessingOfTheForge","Caltrops","Letter Opener","Vajra","Accuracy","Dexterity Potion"],"campfire_rested":2,"item_purchase_floors":[5,5,19,19,19,31],"current_hp_per_floor":[63,56,56,61,61,34,34,34,44,40,36,54,49,49,49,32,73,47,47,47,47,47,47,36,66,66,33,33,33,6,6,36,0],"gold":49,"neow_bonus":"TEN_PERCENT_HP_BONUS","is_prod":false,"is_daily":false,"chose_seed":false,"campfire_upgraded":3,"win_rate":0,"timestamp":1673755011,"path_taken":["M","M","?","?","$","E","R","?","T","M","M","?","E","M","R","BOSS","M","$","?","M","?","R","E","R","T","?","?","M","M","$","R","BOSS"],"build_version":"2022-12-18","purchased_purges":2,"victory":false,"max_hp_per_floor":[72,72,72,77,77,77,77,77,87,87,87,87,87,87,87,87,87,87,87,87,87,87,87,101,101,101,101,101,101,101,101,101,101],"relic_stats":{"Nunchaku":[15],"counters":[16,98],"Astrolabe":["Flechettes","Underhanded Strike","Predator"],"Tiny Chest":0,"Bag of Preparation":[8],"Letter Opener":[75],"obtain_stats":[{"Pear":9,"Astrolabe":17,"Vajra":19,"Mango":24,"Bag of Preparation":26,"Letter Opener":19,"Odd Mushroom":12,"Old Coin":6,"Nunchaku":13,"Tiny Chest":22,"Toy Ornithopter":8,"TungstenRod":28,"Ring of the Snake":0},{"Pear":3,"Astrolabe":9,"Vajra":10,"Mango":12,"Bag of Preparation":12,"Letter Opener":10,"Odd Mushroom":6,"Old Coin":3,"Nunchaku":7,"Tiny Chest":11,"Toy Ornithopter":3,"TungstenRod":13,"Ring of the Snake":0},{"Pear":16,"Astrolabe":52,"Vajra":57,"Mango":68,"Bag of Preparation":68,"Letter Opener":57,"Odd Mushroom":27,"Old Coin":16,"Nunchaku":35,"Tiny Chest":62,"Toy Ornithopter":16,"TungstenRod":72,"Ring of the Snake":0}],"Toy Ornithopter":35,"TungstenRod":8,"Ring of the Snake":[32]},"card_choices":[{"not_picked":["Backflip","Dodge and Roll"],"picked":"Dagger Spray","floor":1.0},{"not_picked":["Distraction","Underhanded Strike"],"picked":"Blade Dance","floor":2.0},{"not_picked":["Masterful Stab","Bane"],"picked":"Backflip","floor":6},{"not_picked":["Underhanded Strike","Distraction"],"picked":"Dash","floor":10},{"not_picked":["Catalyst","Flying Knee"],"picked":"Blade Dance","floor":11},{"not_picked":["Prepared","Dagger Spray"],"picked":"Acrobatics","floor":12},{"not_picked":["Tools of the Trade","Cloak And Dagger"],"picked":"Predator","floor":13},{"not_picked":["Concentrate","Expertise","Poisoned Stab"],"picked":"SKIP","floor":14},{"not_picked":["Glass Knife","A Thousand Cuts"],"picked":"After Image","floor":16},{"not_picked":["Sucker Punch","Noxious Fumes"],"picked":"Backflip","floor":18},{"not_picked":["Sucker Punch","Noxious Fumes"],"picked":"Footwork","floor":21},{"not_picked":["Outmaneuver","Quick Slash","Sucker Punch"],"picked":"SKIP","floor":24},{"not_picked":["Outmaneuver","Quick Slash","Sucker Punch"],"picked":"SKIP","floor":24},{"not_picked":["Infinite Blades","Flying Knee"],"picked":"Prepared+1","floor":27},{"not_picked":["Endless Agony","Outmaneuver","Envenom"],"picked":"SKIP","floor":29},{"not_picked":["Prepared","Bane"],"picked":"Blur","floor":30}],"player_experience":5451400,"relics_obtained":[{"floor":6,"key":"Old Coin"},{"floor":8,"key":"Toy Ornithopter"},{"floor":9,"key":"Pear"},{"floor":12,"key":"Odd Mushroom"},{"floor":13,"key":"Nunchaku"},{"floor":24,"key":"Mango"},{"floor":26,"key":"Bag of Preparation"},{"floor":28,"key":"TungstenRod"}],"event_choices":[{"damage_healed":0.0,"max_hp_gain":0.0,"max_hp_loss":0.0,"gold_gain":150.0,"event_name":"Liars Game","player_choice":"AGREE","floor":3.0,"gold_loss":0.0,"damage_taken":0.0,"cards_obtained":["Doubt"]},{"damage_healed":0.0,"max_hp_gain":5.0,"max_hp_loss":0.0,"gold_gain":0.0,"event_name":"Big Fish","player_choice":"Donut","floor":4.0,"gold_loss":0.0,"damage_taken":0.0},{"damage_healed":0,"gold_gain":0,"player_choice":"Fought Mushrooms","damage_taken":0,"max_hp_gain":0,"max_hp_loss":0,"event_name":"Mushrooms","floor":12,"gold_loss":0},{"damage_healed":0,"gold_gain":0,"player_choice":"Ignored","damage_taken":0,"max_hp_gain":0,"max_hp_loss":0,"event_name":"Ghosts","floor":20,"gold_loss":0},{"damage_healed":0,"gold_gain":0,"player_choice":"Paid Gold","damage_taken":0,"relics_obtained":["Tiny Chest"],"max_hp_gain":0,"max_hp_loss":0,"event_name":"WeMeetAgain","floor":22,"gold_loss":99}],"is_beta":false,"boss_relics":[{"not_picked":["Busted Crown","Runic Dome"],"picked":"Astrolabe"}],"items_purged_floors":[5,19],"is_endless":false,"potions_floor_spawned":[2,11,12,13,18,27],"killed_by":"Champ","ascension_level":20}