{"gold_per_floor":[119,129,204,223,183,183,199,199,199,232,251,306,340,51,51,123,123,134,134,108,8,8,8,38,38,113,113,145,164,198,198,198,272,272,286,286,300,89,105,134,162,162,162,162,196,229,257,275,275,275,275],"floor_reached":52,"playtime":3042,"items_purged":["Strike_G","Pain"],"score":2378,"play_id":"4fd18206-76f3-4cfa-a642-72376f08e59d","local_time":"20230116164734","is_ascension_mode":true,"campfire_choices":[{"data":"Neutralize","floor":6.0,"key":"SMITH"},{"data":"Poisoned Stab","floor":8.0,"key":"SMITH"},{"data":"Footwork","floor":15.0,"key":"SMITH"},{"floor":23.0,"key":"REST"},{"data":"Accuracy","floor":32.0,"key":"SMITH"},{"data":"Footwork","floor":42.0,"key":"SMITH"},{"data":"After Image","floor":44.0,"key":"SMITH"},{"data":"Underhanded Strike","floor":49.0,"key":"SMITH"}],"neow_cost":"NONE","seed_source_timestamp":24557133374300,"circlet_count":0,"master_deck":["AscendersBane","Strike_G+1","Strike_G+1","Defend_G+1","Defend_G+1","Defend_G+1","Defend_G+1","Defend_G+1","Survivor","Neutralize+1","Poisoned Stab","Dagger Throw","Dagger Spray","PiercingWail","Poisoned Stab+1","Endless Agony","Blade Dance+1","Prepared+1","Accuracy+1","Footwork+1","Deflect+1","Tactician+1","Burst+1","Dodge and Roll+1","PiercingWail+1","Acrobatics+1","Underhanded Strike+1","PiercingWail+1","Prepared+1","Adrenaline+1","After Image+1","Deflect+1","Acrobatics+1","Blade Dance+1","Backflip+1","Footwork+1","Dodge and Roll+1","Malaise+1","Acrobatics+1","Cloak And Dagger+1","Backflip+1"],"special_seed":0,"relics":["Ring of the Snake","Pear","Toxic Egg 2","Lizard Tail","War Paint","SlaversCollar","WarpedTongs","Unceasing Top","Letter Opener","Pen Nib","The Courier","InkBottle","Empty Cage","WingedGreaves","Art of War","Darkstone Periapt","Calipers","Vajra","PreservedInsect","Smiling Mask","Nunchaku"],"potions_floor_usage":[51,51],"damage_taken":[{"damage":0.0,"enemies":"2 Louse","floor":1.0,"turns":2.0},{"damage":0.0,"enemies":"Jaw Worm","floor":2.0,"turns":5.0},{"damage":0.0,"enemies":"Cultist","floor":4.0,"turns":3.0},{"damage":0.0,"enemies":"Looter","floor":5.0,"turns":4.0},{"damage":1.0,"enemies":"Large Slime","floor":7.0,"turns":5.0},{"damage":6.0,"enemies":"Gremlin Nob","floor":10.0,"turns":3.0},{"damage":7.0,"enemies":"Red Slaver","floor":11.0,"turns":3.0},{"damage":19.0,"enemies":"Gremlin Nob","floor":12.0,"turns":4.0},{"damage":10.0,"enemies":"3 Sentries","floor":13.0,"turns":5.0},{"damage":8.0,"enemies":"Hexaghost","floor":16.0,"turns":9.0},{"damage":12.0,"enemies":"Chosen","floor":18.0,"turns":4.0},{"damage":15.0,"enemies":"2 Thieves","floor":20.0,"turns":4.0},{"damage":4.0,"enemies":"Book of Stabbing","floor":24.0,"turns":6.0},{"damage":6.0,"enemies":"Gremlin Leader","floor":28.0,"turns":7.0},{"damage":2.0,"enemies":"Snake Plant","floor":29.0,"turns":5.0},{"damage":2.0,"enemies":"Book of Stabbing","floor":30.0,"turns":5.0},{"damage":14.0,"enemies":"Automaton","floor":33.0,"turns":11.0},{"damage":7.0,"enemies":"3 Shapes","floor":35.0,"turns":7.0},{"damage":3.0,"enemies":"Orb Walker","floor":37.0,"turns":3.0},{"damage":0.0,"enemies":"4 Shapes","floor":39.0,"turns":5.0},{"damage":3.0,"enemies":"Giant Head","floor":40.0,"turns":7.0},{"damage":0.0,"enemies":"Reptomancer","floor":41.0,"turns":5.0},{"damage":1.0,"enemies":"Giant Head","floor":45.0,"turns":5.0},{"damage":0.0,"enemies":"Nemesis","floor":46.0,"turns":3.0},{"damage":0.0,"enemies":"Reptomancer","floor":47.0,"turns":4.0},{"damage":0.0,"enemies":"Writhing Mass","floor":48.0,"turns":10.0},{"damage":20,"enemies":"Time Eater","floor":50,"turns":20},{"damage":0,"enemies":"Donu and Deca","floor":51,"turns":9}],"seed_played":"-7479127483340890160","potions_obtained":[{"floor":4.0,"key":"DistilledChaos"},{"floor":10.0,"key":"Fruit Juice"},{"floor":11.0,"key":"BlessingOfTheForge"},{"floor":12.0,"key":"LiquidMemories"},{"floor":16.0,"key":"Swift Potion"},{"floor":20.0,"key":"SpeedPotion"},{"floor":24.0,"key":"DuplicationPotion"},{"floor":29.0,"key":"Ancient Potion"},{"floor":37.0,"key":"AttackPotion"},{"floor":39.0,"key":"CunningPotion"},{"floor":40.0,"key":"DistilledChaos"},{"floor":45.0,"key":"ColorlessPotion"}],"is_trial":false,"path_per_floor":["M","M","?","M","M","R","M","R","T","E","M","?","E","$","R","B",null,"M","?","M","$","?","R","E","?","T","?","E","M","E","T","R","B",null,"M","T","M","$","M","E","E","R","T","R","E","E","E","M","R","B","B",null],"character_chosen":"THE_SILENT","items_purchased":["Footwork","Deflect+1","Tactician+1","Blade Dance+1","Backflip+1","Art of War"],"campfire_rested":1,"item_purchase_floors":[14,14,14,38,38,38],"current_hp_per_floor":[59,59,48,48,48,48,47,47,57,51,44,30,20,20,20,12,64,52,52,37,37,37,61,57,57,57,57,51,49,47,47,47,33,69,62,62,59,59,59,56,56,56,56,56,55,55,55,55,55,35,35],"gold":275,"neow_bonus":"THREE_CARDS","is_prod":false,"is_daily":false,"chose_seed":false,"campfire_upgraded":7,"win_rate":0,"timestamp":1673916454,"path_taken":["M","M","?","M","M","R","M","R","T","E","M","?","E","$","R","BOSS","M","?","?","$","?","R","E","?","T","?","E","M","E","?","R","BOSS","M","?","M","$","?","E","E","R","T","R","E","E","E","M","R","BOSS","BOSS"],"build_version":"2022-12-18","purchased_purges":2,"victory":true,"max_hp_per_floor":[66,66,66,66,66,66,66,66,76,76,76,81,81,81,81,81,81,81,81,81,81,81,81,81,81,81,81,81,81,81,81,81,81,81,81,81,81,81,81,81,81,81,81,81,81,81,81,81,81,81,81],"relic_stats":{"Darkstone Periapt":0,"Calipers":[1660],"counters":[28,163],"Pen Nib":[32],"The Courier":53,"PreservedInsect":111,"Letter Opener":[603],"War Paint":["Defend_G","Defend_G"],"Smiling Mask":0,"WarpedTongs":[67],"Lizard Tail":0,"Nunchaku":[10],"WingedGreaves":3,"Art of War":[15],"obtain_stats":[{"Darkstone Periapt":40,"Pear":9,"Calipers":41,"Vajra":43,"Pen Nib":28,"The Courier":30,"PreservedInsect":45,"Letter Opener":26,"War Paint":13,"Empty Cage":34,"Smiling Mask":46,"WarpedTongs":19,"SlaversCollar":17,"Lizard Tail":12,"Nunchaku":47,"WingedGreaves":36,"Art of War":38,"Toxic Egg 2":10,"Unceasing Top":24,"InkBottle":31,"Ring of the Snake":0},{"Darkstone Periapt":21,"Pear":5,"Calipers":22,"Vajra":22,"Pen Nib":14,"The Courier":16,"PreservedInsect":23,"Letter Opener":13,"War Paint":9,"Empty Cage":17,"Smiling Mask":24,"WarpedTongs":11,"SlaversCollar":10,"Lizard Tail":8,"Nunchaku":25,"WingedGreaves":18,"Art of War":19,"Toxic Egg 2":6,"Unceasing Top":13,"InkBottle":16,"Ring of the Snake":0},{"Darkstone Periapt":107,"Pear":19,"Calipers":112,"Vajra":112,"Pen Nib":64,"The Courier":74,"PreservedInsect":117,"Letter Opener":57,"War Paint":34,"Empty Cage":85,"Smiling Mask":120,"WarpedTongs":47,"SlaversCollar":43,"Lizard Tail":29,"Nunchaku":124,"WingedGreaves":92,"Art of War":95,"Toxic Egg 2":22,"Unceasing Top":57,"InkBottle":74,"Ring of the Snake":0}],"Unceasing Top":[23],"InkBottle":[68],"Ring of the Snake":[56]},"card_choices":[{"not_picked":["Backflip","Flechettes"],"picked":"Poisoned Stab","floor":0.0},{"not_picked":["Deflect","Deadly Poison"],"picked":"Dagger Throw","floor":1.0},{"not_picked":["Flechettes","Calculated Gamble"],"picked":"Dagger Spray","floor":2.0},{"not_picked":["Accuracy","Prepared"],"picked":"PiercingWail","floor":4.0},{"not_picked":["Concentrate","Infinite Blades"],"picked":"Poisoned Stab","floor":5.0},{"not_picked":["Sucker Punch","Dodge and Roll"],"picked":"Endless Agony","floor":7.0},{"not_picked":["Envenom","Flechettes","Quick Slash"],"picked":"SKIP","floor":10.0},{"not_picked":["Dash","Catalyst+1"],"picked":"Blade Dance+1","floor":11.0},{"not_picked":["Skewer","Escape Plan+1"],"picked":"Prepared+1","floor":12.0},{"not_picked":["Escape Plan+1","Deflect+1"],"picked":"Accuracy","floor":13.0},{"not_picked":["Phantasmal Killer+1","Venomology+1"],"picked":"Burst+1","floor":16.0},{"not_picked":["Deflect+1","PiercingWail+1"],"picked":"Dodge and Roll+1","floor":18.0},{"not_picked":["Flying Knee","Deadly Poison+1"],"picked":"PiercingWail+1","floor":20.0},{"not_picked":["Deadly Poison+1","Accuracy"],"picked":"Underhanded Strike","floor":24.0},{"not_picked":["Noxious Fumes","Setup+1"],"picked":"PiercingWail+1","floor":28.0},{"not_picked":["Flying Knee","Sucker Punch+1"],"picked":"Prepared+1","floor":29.0},{"not_picked":["Setup+1","Poisoned Stab"],"picked":"Adrenaline+1","floor":30.0},{"not_picked":["Die Die Die","Grand Finale"],"picked":"After Image","floor":33.0},{"not_picked":["Quick Slash","Sucker Punch"],"picked":"Deflect+1","floor":35.0},{"not_picked":["Finisher","Dagger Throw"],"picked":"Acrobatics+1","floor":37.0},{"not_picked":["Distraction+1","Infinite Blades","Bane+1"],"picked":"SKIP","floor":39.0},{"not_picked":["Setup+1","Poisoned Stab+1"],"picked":"Footwork","floor":40.0},{"not_picked":["Poisoned Stab","Slice"],"picked":"Dodge and Roll+1","floor":41.0},{"not_picked":["Catalyst+1","Infinite Blades"],"picked":"Malaise+1","floor":45.0},{"not_picked":["Blade Dance+1","Dagger Spray"],"picked":"Acrobatics+1","floor":46.0},{"not_picked":["Prepared+1","Dodge and Roll+1"],"picked":"Cloak And Dagger+1","floor":47.0},{"not_picked":["Setup+1","Slice+1"],"picked":"Backflip+1","floor":48.0}],"player_experience":5455508,"relics_obtained":[{"floor":9.0,"key":"Pear"},{"floor":10.0,"key":"Toxic Egg 2"},{"floor":12.0,"key":"Lizard Tail"},{"floor":13.0,"key":"War Paint"},{"floor":24.0,"key":"Unceasing Top"},{"floor":26.0,"key":"Letter Opener"},{"floor":28.0,"key":"Pen Nib"},{"floor":30.0,"key":"The Courier"},{"floor":31.0,"key":"InkBottle"},{"floor":36.0,"key":"WingedGreaves"},{"floor":40.0,"key":"Darkstone Periapt"},{"floor":41.0,"key":"Calipers"},{"floor":43.0,"key":"Vajra"},{"floor":45.0,"key":"PreservedInsect"},{"floor":46.0,"key":"Smiling Mask"},{"floor":47.0,"key":"Nunchaku"}],"event_choices":[{"damage_healed":0.0,"max_hp_gain":0.0,"max_hp_loss":0.0,"gold_gain":75.0,"event_name":"World of Goop","player_choice":"Gather Gold","floor":3.0,"gold_loss":0.0,"damage_taken":11.0},{"damage_healed":0.0,"max_hp_gain":0.0,"max_hp_loss":0.0,"gold_gain":0.0,"event_name":"Dead Adventurer","player_choice":"Searched \u00271\u0027 times","floor":12.0,"gold_loss":0.0,"damage_taken":0.0},{"damage_healed":0.0,"max_hp_gain":0.0,"max_hp_loss":0.0,"gold_gain":0.0,"event_name":"Accursed Blacksmith","player_choice":"Rummage","floor":19.0,"gold_loss":0.0,"damage_taken":0.0,"relics_obtained":["WarpedTongs"],"cards_obtained":["Pain"]},{"damage_healed":0.0,"max_hp_gain":0.0,"max_hp_loss":0.0,"gold_gain":0.0,"event_name":"The Library","player_choice":"Read","floor":22.0,"gold_loss":0.0,"damage_taken":0.0,"cards_obtained":["Acrobatics"]},{"damage_healed":0.0,"max_hp_gain":0.0,"max_hp_loss":0.0,"gold_gain":0.0,"event_name":"Back to Basics","player_choice":"Simplicity","floor":25.0,"gold_loss":0.0,"damage_taken":0.0,"cards_upgraded":["Strike_G","Strike_G","Strike_G","Strike_G","Defend_G","Defend_G","Defend_G"]},{"damage_healed":0.0,"max_hp_gain":0.0,"max_hp_loss":0.0,"gold_gain":0.0,"event_name":"The Mausoleum","player_choice":"Ignored","floor":27.0,"gold_loss":0.0,"damage_taken":0.0}],"is_beta":false,"boss_relics":[{"not_picked":["SacredBark","Black Star"],"picked":"SlaversCollar"},{"not_picked":["Philosopher\u0027s Stone","Snecko Eye"],"picked":"Empty Cage"}],"items_purged_floors":[14,21],"is_endless":false,"potions_floor_spawned":[4,10,11,12,16,20,24,29,37,39,40,45],"ascension_level":20}