{"gold_per_floor":[359,28,47,47,61,88,88,115,115,130,140,65,65,83,83,162,162,182,97,111,32,46,46,56,83,83,116,116,16,49,64,64,142,142,162,173,64,64,89,122,140,140,167,167,199,37,37,56,56,56,56],"floor_reached":52,"playtime":2260,"items_purged":["Strike_G","Strike_G","Catalyst"],"score":2045,"play_id":"9f89e58e-c8f2-4774-a875-74b4dc9dfd30","local_time":"20230118202142","is_ascension_mode":true,"campfire_choices":[{"floor":7,"key":"REST"},{"data":"Sucker Punch","floor":13,"key":"SMITH"},{"data":"Neutralize","floor":15,"key":"SMITH"},{"data":"Accuracy","floor":23,"key":"SMITH"},{"data":"Blade Dance","floor":28,"key":"SMITH"},{"data":"Blade Dance","floor":32,"key":"SMITH"},{"data":"Acrobatics","floor":44,"key":"SMITH"},{"data":"Malaise","floor":49,"key":"SMITH"}],"neow_cost":"PERCENT_DAMAGE","seed_source_timestamp":41799535339500,"circlet_count":0,"master_deck":["AscendersBane","Survivor","Neutralize+1","Endless Agony","Flying Knee","Sucker Punch+1","Eviscerate+1","Blade Dance+1","Blade Dance+1","Escape Plan","Underhanded Strike","After Image+1","Cloak And Dagger+1","Tactician","Accuracy+1","PiercingWail+1","Burst","Deflect","Blur","Crippling Poison","Phantasmal Killer","Malaise+1","Storm of Steel","Deflect","Deadly Poison","A Thousand Cuts+1","Acrobatics+1","Unload","Deflect","PiercingWail","Good Instincts","Backflip","Well Laid Plans+1","Burst","Prepared","Leg Sweep","Backflip"],"relics":["Ring of the Snake","Bag of Marbles","Paper Crane","Eternal Feather","Mercury Hourglass","Coffee Dripper","Mummified Hand","Snake Skull","Shuriken","Frozen Egg 2","Pen Nib","Pandora\u0027s Box","Tough Bandages","Matryoshka","Bronze Scales","Anchor","Kunai"],"potions_floor_usage":[6,8,16,22,30,33,40,42,51],"damage_taken":[{"damage":0,"enemies":"Small Slimes","floor":1,"turns":5},{"damage":0,"enemies":"Cultist","floor":3,"turns":2},{"damage":0,"enemies":"2 Louse","floor":5,"turns":2},{"damage":15,"enemies":"Lagavulin","floor":6,"turns":6},{"damage":35,"enemies":"3 Sentries","floor":8,"turns":9},{"damage":0,"enemies":"Looter","floor":10,"turns":2},{"damage":0,"enemies":"2 Fungi Beasts","floor":11,"turns":2},{"damage":0,"enemies":"Red Slaver","floor":14,"turns":2},{"damage":10,"enemies":"Slime Boss","floor":16,"turns":8},{"damage":0,"enemies":"Chosen","floor":18,"turns":3},{"damage":0,"enemies":"3 Byrds","floor":20,"turns":4},{"damage":7,"enemies":"Snake Plant","floor":22,"turns":4},{"damage":5,"enemies":"Shelled Parasite and Fungi","floor":24,"turns":4},{"damage":0,"enemies":"Gremlin Leader","floor":25,"turns":5},{"damage":8,"enemies":"Book of Stabbing","floor":27,"turns":4},{"damage":7,"enemies":"Slavers","floor":30,"turns":3},{"damage":0,"enemies":"Centurion and Healer","floor":31,"turns":5},{"damage":29,"enemies":"Champ","floor":33,"turns":7},{"damage":0,"enemies":"Orb Walker","floor":35,"turns":1},{"damage":11,"enemies":"3 Darklings","floor":36,"turns":3},{"damage":0,"enemies":"Mind Bloom Boss Battle","floor":39,"turns":1},{"damage":1,"enemies":"Nemesis","floor":40,"turns":4},{"damage":0,"enemies":"Jaw Worm Horde","floor":41,"turns":3},{"damage":13,"enemies":"Reptomancer","floor":42,"turns":5},{"damage":12,"enemies":"Nemesis","floor":45,"turns":7},{"damage":0,"enemies":"Writhing Mass","floor":48,"turns":3},{"damage":10,"enemies":"Awakened One","floor":50,"turns":11},{"damage":5,"enemies":"Time Eater","floor":51,"turns":12}],"seed_played":"189656848356735759","potions_obtained":[{"floor":5,"key":"LiquidMemories"},{"floor":10,"key":"Block Potion"},{"floor":14,"key":"BlessingOfTheForge"},{"floor":20,"key":"Poison Potion"},{"floor":27,"key":"SkillPotion"},{"floor":30,"key":"Weak Potion"},{"floor":31,"key":"Dexterity Potion"},{"floor":39,"key":"SneckoOil"},{"floor":41,"key":"SmokeBomb"},{"floor":45,"key":"DuplicationPotion"}],"is_trial":false,"path_per_floor":["M","$","M","?","M","E","R","E","T","M","M","$","R","M","R","B",null,"M","?","M","$","M","R","M","E","T","E","R","$","E","M","R","B",null,"M","M","$","?","?","E","M","E","T","R","E","$","?","M","R","B","B",null],"character_chosen":"THE_SILENT","items_purchased":["Bag of Marbles","Flying Knee","Sucker Punch","Dexterity Potion","Accuracy","Deflect","PiercingWail","Leg Sweep"],"campfire_rested":1,"item_purchase_floors":[2,2,2,2,21,37,37,46],"current_hp_per_floor":[44,44,44,44,44,29,48,13,13,13,13,13,22,22,34,24,56,56,56,56,56,49,64,59,59,59,51,66,66,59,59,66,37,59,59,48,48,48,48,47,47,34,34,55,43,43,43,43,64,54,49],"gold":56,"neow_bonus":"TWO_FIFTY_GOLD","is_prod":false,"is_daily":false,"chose_seed":false,"campfire_upgraded":7,"win_rate":0,"timestamp":1674102102,"path_taken":["M","$","M","?","M","E","R","E","T","M","M","?","R","M","R","BOSS","M","?","M","$","M","R","M","E","T","E","R","$","E","M","R","BOSS","M","M","$","?","?","E","M","E","T","R","E","$","?","?","R","BOSS","BOSS"],"build_version":"2022-12-18","purchased_purges":3,"victory":true,"max_hp_per_floor":[66,66,66,66,66,66,66,66,66,66,66,66,66,66,66,66,66,66,66,66,66,66,66,66,66,66,66,66,66,66,66,66,66,66,66,66,66,66,66,66,66,66,66,66,66,66,66,66,66,66,66],"relic_stats":{"counters":[28,125],"Eternal Feather":100,"Snake Skull":[14],"Pen Nib":[22],"Mercury Hourglass":[411],"Tough Bandages":[99],"Matryoshka":1,"Mummified Hand":[40],"Shuriken":[66],"Bronze Scales":[168],"Pandora\u0027s Box":["Malaise","Storm of Steel","Catalyst","Deflect","Deadly Poison","A Thousand Cuts","Acrobatics","Unload"],"Kunai":[22],"obtain_stats":[{"Eternal Feather":8,"Snake Skull":25,"Pen Nib":30,"Paper Crane":6,"Frozen Egg 2":27,"Mercury Hourglass":9,"Tough Bandages":39,"Anchor":43,"Matryoshka":40,"Mummified Hand":19,"Shuriken":26,"Bronze Scales":43,"Pandora\u0027s Box":34,"Bag of Marbles":2,"Coffee Dripper":17,"Kunai":45,"Ring of the Snake":0},{"Eternal Feather":5,"Snake Skull":14,"Pen Nib":16,"Paper Crane":4,"Frozen Egg 2":15,"Mercury Hourglass":5,"Tough Bandages":21,"Anchor":24,"Matryoshka":22,"Mummified Hand":10,"Shuriken":14,"Bronze Scales":24,"Pandora\u0027s Box":18,"Bag of Marbles":1,"Coffee Dripper":9,"Kunai":25,"Ring of the Snake":0},{"Eternal Feather":24,"Snake Skull":57,"Pen Nib":64,"Paper Crane":15,"Frozen Egg 2":61,"Mercury Hourglass":24,"Tough Bandages":81,"Anchor":93,"Matryoshka":85,"Mummified Hand":40,"Shuriken":57,"Bronze Scales":93,"Pandora\u0027s Box":76,"Bag of Marbles":5,"Coffee Dripper":37,"Kunai":100,"Ring of the Snake":0}],"Ring of the Snake":[57]},"card_choices":[{"not_picked":["Acrobatics","Bouncing Flask"],"picked":"Endless Agony","floor":1},{"not_picked":["Dagger Throw","All Out Attack"],"picked":"Eviscerate","floor":3},{"not_picked":["Deadly Poison","Backflip"],"picked":"Blade Dance","floor":5},{"not_picked":["Flechettes","Deadly Poison","Masterful Stab"],"picked":"SKIP","floor":6},{"not_picked":["Finisher","Flying Knee"],"picked":"Blade Dance","floor":8},{"not_picked":["Sucker Punch","Dagger Spray"],"picked":"Escape Plan","floor":10},{"not_picked":["Sucker Punch","Catalyst","Riddle With Holes"],"picked":"SKIP","floor":11},{"not_picked":["Cloak And Dagger","Deadly Poison"],"picked":"Underhanded Strike","floor":14},{"not_picked":["Adrenaline","Burst"],"picked":"After Image","floor":16},{"not_picked":["Underhanded Strike","Dagger Throw"],"picked":"Cloak And Dagger+1","floor":18},{"not_picked":["Bane","Skewer"],"picked":"Tactician","floor":20},{"not_picked":["Flying Knee+1","Sucker Punch"],"picked":"PiercingWail+1","floor":22},{"not_picked":["Concentrate","Masterful Stab"],"picked":"Burst","floor":24},{"not_picked":["Dagger Spray","Skewer"],"picked":"Deflect","floor":25},{"not_picked":["Deflect","Sucker Punch","Skewer"],"picked":"SKIP","floor":27},{"not_picked":["Flying Knee+1","Catalyst"],"picked":"Blur","floor":30},{"not_picked":["Quick Slash","Underhanded Strike"],"picked":"Crippling Poison","floor":31},{"not_picked":["Die Die Die","Grand Finale"],"picked":"Phantasmal Killer","floor":33},{"not_picked":["Outmaneuver","Sucker Punch","Flying Knee"],"picked":"SKIP","floor":35},{"not_picked":["Bane+1","Eviscerate","Dagger Throw"],"picked":"SKIP","floor":36},{"not_picked":["Panacea","HandOfGreed"],"picked":"Good Instincts","floor":38},{"not_picked":["PiercingWail","Blade Dance+1"],"picked":"Backflip","floor":39},{"not_picked":["Dagger Throw","Calculated Gamble"],"picked":"Well Laid Plans+1","floor":40},{"not_picked":["Riddle With Holes+1","PiercingWail"],"picked":"Burst","floor":41},{"not_picked":["Choke","Endless Agony"],"picked":"Prepared","floor":45},{"not_picked":["Quick Slash","Sucker Punch"],"picked":"Backflip","floor":48}],"player_experience":5462724,"relics_obtained":[{"floor":6,"key":"Paper Crane"},{"floor":8,"key":"Eternal Feather"},{"floor":9,"key":"Mercury Hourglass"},{"floor":25,"key":"Snake Skull"},{"floor":26,"key":"Shuriken"},{"floor":27,"key":"Frozen Egg 2"},{"floor":30,"key":"Pen Nib"},{"floor":39,"key":"Tough Bandages"},{"floor":40,"key":"Matryoshka"},{"floor":43,"key":"Bronze Scales"},{"floor":43,"key":"Anchor"},{"floor":45,"key":"Kunai"}],"event_choices":[{"damage_healed":0,"gold_gain":0,"player_choice":"Upgraded","damage_taken":0,"max_hp_gain":0,"max_hp_loss":0,"event_name":"Upgrade Shrine","floor":4,"gold_loss":0,"cards_upgraded":["Eviscerate"]},{"damage_healed":0,"gold_gain":0,"player_choice":"Obtained Relic","damage_taken":0,"relics_obtained":["Mummified Hand"],"max_hp_gain":0,"max_hp_loss":0,"event_name":"Addict","floor":19,"gold_loss":85},{"damage_healed":0,"gold_gain":0,"player_choice":"Memory 1","damage_taken":0,"max_hp_gain":0,"max_hp_loss":0,"event_name":"SensoryStone","floor":38,"gold_loss":0},{"damage_healed":0,"gold_gain":0,"player_choice":"Fight","damage_taken":0,"max_hp_gain":0,"max_hp_loss":0,"event_name":"MindBloom","floor":39,"gold_loss":0},{"damage_healed":0,"gold_gain":0,"player_choice":"Upgraded","damage_taken":0,"max_hp_gain":0,"max_hp_loss":0,"event_name":"Upgrade Shrine","floor":47,"gold_loss":0,"cards_upgraded":["After Image"]}],"is_beta":false,"boss_relics":[{"not_picked":["Tiny House","SlaversCollar"],"picked":"Coffee Dripper"},{"not_picked":["Calling Bell","Cursed Key"],"picked":"Pandora\u0027s Box"}],"items_purged_floors":[12,29,46],"is_endless":false,"potions_floor_spawned":[5,10,14,20,27,30,31,39,41,45,48],"ascension_level":20}