{"gold_per_floor":[112,32,50,63,43,43,68,68,91,91,91,91,122,116,116,199,226,252,269,328,378,155,155,196,246,246,346,85,85,97,133,133,219,219,240,1298,1348,752,864,907,907,957,1005,1005,325,375,400,417,417,417,417],"floor_reached":52,"playtime":1765,"items_purged":["Noxious Fumes","Normality"],"score":1836,"play_id":"645aaba0-bcec-4292-839d-505ee19fd215","local_time":"20230126165142","is_ascension_mode":true,"campfire_choices":[{"data":"All Out Attack","floor":6.0,"key":"SMITH"},{"data":"Neutralize","floor":8.0,"key":"SMITH"},{"floor":15.0,"key":"REST"},{"data":"Adrenaline","floor":23.0,"key":"SMITH"},{"floor":29.0,"key":"REST"},{"floor":32.0,"key":"REST"},{"data":"A Thousand Cuts","floor":41,"key":"SMITH"},{"floor":44,"key":"REST"},{"floor":49,"key":"REST"}],"neow_cost":"NONE","seed_source_timestamp":26394914510200,"circlet_count":0,"master_deck":["AscendersBane","Strike_G+1","Defend_G","Defend_G","Defend_G+1","Defend_G","Defend_G+1","Survivor","Dash+1","Adrenaline+1","Blade Dance","All Out Attack+1","Terror","Wraith Form v2","Bullet Time+1","Crippling Poison+1","Caltrops+1","Backflip+1","Glass Knife","Blade Dance","Slice","Deflect+1","Blade Dance","Well Laid Plans","After Image","A Thousand Cuts+1","Backflip+1","Calculated Gamble","Acrobatics+1","Accuracy","Finesse","Master of Strategy","Sucker Punch"],"special_seed":0,"relics":["Ring of the Snake","NeowsBlessing","Juzu Bracelet","Omamori","SsserpentHead","Incense Burner","CeramicFish","Astrolabe","MutagenicStrength","PreservedInsect","WarpedTongs","Akabeko","Bag of Preparation","War Paint","WristBlade","Lantern","Centennial Puzzle","TheAbacus","StoneCalendar","Thread and Needle","Orichalcum","Whetstone","OrangePellets"],"potions_floor_usage":[33,50,51],"damage_taken":[{"damage":0.0,"enemies":"Cultist","floor":1.0,"turns":1.0},{"damage":0.0,"enemies":"Jaw Worm","floor":3.0,"turns":1.0},{"damage":0.0,"enemies":"2 Louse","floor":4.0,"turns":1.0},{"damage":27.0,"enemies":"Lagavulin","floor":7.0,"turns":8.0},{"damage":15.0,"enemies":"3 Sentries","floor":13.0,"turns":6.0},{"damage":7.0,"enemies":"The Guardian","floor":16.0,"turns":12.0},{"damage":13.0,"enemies":"Spheric Guardian","floor":18.0,"turns":6.0},{"damage":7.0,"enemies":"Shell Parasite","floor":19.0,"turns":7.0},{"damage":12.0,"enemies":"Gremlin Leader","floor":24.0,"turns":5.0},{"damage":0.0,"enemies":"Centurion and Healer","floor":30.0,"turns":4.0},{"damage":13.0,"enemies":"Book of Stabbing","floor":31.0,"turns":4.0},{"damage":23,"enemies":"Collector","floor":33,"turns":12},{"damage":0,"enemies":"3 Darklings","floor":35,"turns":1},{"damage":0,"enemies":"2 Orb Walkers","floor":39,"turns":4},{"damage":25,"enemies":"Nemesis","floor":40,"turns":3},{"damage":0,"enemies":"Orb Walker","floor":47,"turns":3},{"damage":0,"enemies":"3 Darklings","floor":48,"turns":2},{"damage":5,"enemies":"Time Eater","floor":50,"turns":6},{"damage":3,"enemies":"Donu and Deca","floor":51,"turns":9}],"seed_played":"-3653559044581914607","potions_obtained":[{"floor":3.0,"key":"DuplicationPotion"},{"floor":5.0,"key":"DuplicationPotion"},{"floor":7.0,"key":"AttackPotion"},{"floor":13.0,"key":"BlessingOfTheForge"},{"floor":19.0,"key":"Weak Potion"},{"floor":33,"key":"Energy Potion"},{"floor":35,"key":"CunningPotion"}],"is_trial":false,"path_per_floor":["M","$","M","M","?","R","E","R","T","?","?","?","E","?","R","B",null,"M","M","?","?","$","R","E","?","T","?","$","R","M","E","R","B",null,"M","?","?","$","?","E","R","?","T","R","$","?","M","M","R","B","B",null],"character_chosen":"THE_SILENT","items_purchased":["Adrenaline","Blade Dance","SteroidPotion","Slice","Bag of Preparation","Blade Dance","Well Laid Plans","Lantern","Centennial Puzzle","TheAbacus","Accuracy","Whetstone","OrangePellets","Finesse","Master of Strategy"],"campfire_rested":5,"item_purchase_floors":[2,22,22,22,28,28,28,38,38,38,45,45,45,45,45],"current_hp_per_floor":[59,59,59,59,59,59,32,32,32,37,30,30,15,15,36,29,61,48,41,41,41,41,41,29,29,29,29,29,50,50,37,58,35,62,62,62,62,62,62,37,37,37,37,58,58,58,58,58,71,66,63],"gold":417,"neow_bonus":"THREE_ENEMY_KILL","is_prod":false,"is_daily":false,"chose_seed":false,"campfire_upgraded":4,"win_rate":0,"timestamp":1674780702,"path_taken":["M","$","M","M","?","R","E","R","T","?","?","?","E","?","R","BOSS","M","M","?","?","$","R","E","?","T","?","$","R","M","E","R","BOSS","M","?","?","$","?","E","R","?","T","R","$","?","M","M","R","BOSS","BOSS"],"build_version":"2022-12-18","purchased_purges":2,"victory":true,"max_hp_per_floor":[66,66,66,66,66,66,66,66,66,71,71,71,71,71,71,71,71,71,71,71,71,71,71,71,71,71,71,71,71,71,71,71,71,71,71,71,71,71,71,71,71,71,71,71,71,71,71,71,71,71,71],"relic_stats":{"counters":[19,95],"CeramicFish":189,"Astrolabe":["Bullet Time","Crippling Poison","Caltrops"],"StoneCalendar":[52],"PreservedInsect":93,"Juzu Bracelet":6,"Omamori":2,"Bag of Preparation":[20],"Whetstone":["Dash","Strike_G"],"War Paint":["Defend_G","Defend_G"],"Orichalcum":[6],"WarpedTongs":[47],"SsserpentHead":500,"OrangePellets":[6],"Centennial Puzzle":[9],"TheAbacus":[18],"obtain_stats":[{"Lantern":38,"NeowsBlessing":0,"CeramicFish":14,"Astrolabe":17,"StoneCalendar":39,"Thread and Needle":40,"PreservedInsect":24,"Juzu Bracelet":7,"Omamori":9,"Incense Burner":13,"Bag of Preparation":28,"Whetstone":45,"War Paint":31,"Orichalcum":43,"Akabeko":26,"WarpedTongs":25,"SsserpentHead":12,"OrangePellets":45,"Centennial Puzzle":38,"TheAbacus":38,"WristBlade":34,"MutagenicStrength":21,"Ring of the Snake":0},{"Lantern":13,"NeowsBlessing":0,"CeramicFish":5,"Astrolabe":6,"StoneCalendar":14,"Thread and Needle":15,"PreservedInsect":9,"Juzu Bracelet":4,"Omamori":4,"Incense Burner":5,"Bag of Preparation":9,"Whetstone":15,"War Paint":11,"Orichalcum":15,"Akabeko":9,"WarpedTongs":9,"SsserpentHead":4,"OrangePellets":15,"Centennial Puzzle":13,"TheAbacus":13,"WristBlade":12,"MutagenicStrength":8,"Ring of the Snake":0},{"Lantern":68,"NeowsBlessing":0,"CeramicFish":17,"Astrolabe":29,"StoneCalendar":72,"Thread and Needle":75,"PreservedInsect":47,"Juzu Bracelet":11,"Omamori":11,"Incense Burner":17,"Bag of Preparation":47,"Whetstone":75,"War Paint":55,"Orichalcum":75,"Akabeko":47,"WarpedTongs":47,"SsserpentHead":11,"OrangePellets":75,"Centennial Puzzle":68,"TheAbacus":68,"WristBlade":67,"MutagenicStrength":42,"Ring of the Snake":0}],"Ring of the Snake":[38]},"card_choices":[{"not_picked":["Sucker Punch","Setup"],"picked":"Dash","floor":1.0},{"not_picked":["Sucker Punch","Deflect"],"picked":"Blade Dance","floor":3.0},{"not_picked":["Concentrate","Flying Knee"],"picked":"All Out Attack","floor":4.0},{"not_picked":["Flying Knee","Flechettes"],"picked":"Terror","floor":7.0},{"not_picked":["Outmaneuver","Poisoned Stab"],"picked":"Noxious Fumes","floor":13.0},{"not_picked":["Night Terror","Bullet Time"],"picked":"Wraith Form v2","floor":16.0},{"not_picked":["Dash","Deadly Poison"],"picked":"Backflip+1","floor":18.0},{"not_picked":["Expertise","Backflip","Reflex"],"picked":"SKIP","floor":19.0},{"not_picked":["Dagger Spray","Acrobatics"],"picked":"Deflect+1","floor":24.0},{"not_picked":["Dagger Spray","Finisher","Poisoned Stab"],"picked":"SKIP","floor":30.0},{"not_picked":["Sucker Punch","Dagger Spray"],"picked":"After Image","floor":31.0},{"not_picked":["Burst","Bullet Time"],"picked":"A Thousand Cuts","floor":33},{"not_picked":["Quick Slash","Crippling Poison"],"picked":"Backflip+1","floor":35},{"not_picked":["Underhanded Strike","Deflect"],"picked":"Calculated Gamble","floor":39},{"not_picked":["Leg Sweep","Tactician"],"picked":"Acrobatics+1","floor":40},{"not_picked":["Prepared","Riddle With Holes"],"picked":"Sucker Punch","floor":47},{"not_picked":["Outmaneuver","Tactician","Glass Knife"],"picked":"SKIP","floor":48}],"player_experience":5467573,"relics_obtained":[{"floor":7.0,"key":"Juzu Bracelet"},{"floor":9.0,"key":"Omamori"},{"floor":13.0,"key":"Incense Burner"},{"floor":24.0,"key":"PreservedInsect"},{"floor":26.0,"key":"Akabeko"},{"floor":31.0,"key":"War Paint"},{"floor":39,"key":"StoneCalendar"},{"floor":40,"key":"Thread and Needle"},{"floor":43,"key":"Orichalcum"}],"event_choices":[{"damage_healed":0.0,"max_hp_gain":0.0,"max_hp_loss":0.0,"gold_gain":0.0,"event_name":"The Woman in Blue","player_choice":"Bought 1 Potion","floor":5.0,"gold_loss":0.0,"damage_taken":0.0},{"damage_healed":0.0,"max_hp_gain":5.0,"max_hp_loss":0.0,"gold_gain":0.0,"event_name":"Big Fish","player_choice":"Donut","floor":10.0,"gold_loss":0.0,"damage_taken":0.0},{"cards_removed":["Strike_G"],"damage_healed":0.0,"max_hp_gain":0.0,"max_hp_loss":0.0,"gold_gain":0.0,"event_name":"Golden Wing","player_choice":"Card Removal","floor":11.0,"gold_loss":0.0,"damage_taken":7.0},{"damage_healed":0.0,"max_hp_gain":0.0,"max_hp_loss":0.0,"gold_gain":0.0,"event_name":"FaceTrader","player_choice":"Trade","floor":12.0,"gold_loss":0.0,"damage_taken":0.0,"relics_obtained":["SsserpentHead"]},{"damage_healed":0.0,"max_hp_gain":0.0,"max_hp_loss":0.0,"gold_gain":0.0,"event_name":"WeMeetAgain","player_choice":"Paid Gold","floor":14.0,"gold_loss":56.0,"damage_taken":0.0,"relics_obtained":["CeramicFish"]},{"damage_healed":0.0,"max_hp_gain":0.0,"max_hp_loss":0.0,"gold_gain":0.0,"event_name":"Match and Keep!","player_choice":"1 cards matched","floor":20.0,"gold_loss":0.0,"damage_taken":0.0,"cards_obtained":["Glass Knife"]},{"damage_healed":0.0,"max_hp_gain":0.0,"max_hp_loss":0.0,"gold_gain":0.0,"event_name":"Drug Dealer","player_choice":"Inject Mutagens","floor":21.0,"gold_loss":0.0,"damage_taken":0.0,"relics_obtained":["MutagenicStrength"]},{"damage_healed":0.0,"max_hp_gain":0.0,"max_hp_loss":0.0,"gold_gain":0.0,"event_name":"Accursed Blacksmith","player_choice":"Rummage","floor":25.0,"gold_loss":0.0,"damage_taken":0.0,"relics_obtained":["WarpedTongs"],"cards_obtained":["Pain"]},{"damage_healed":0.0,"max_hp_gain":0.0,"max_hp_loss":0.0,"gold_gain":50.0,"event_name":"Nest","player_choice":"Stole From Cult","floor":27.0,"gold_loss":0.0,"damage_taken":0.0},{"damage_healed":0,"gold_gain":999,"player_choice":"Gold","damage_taken":0,"max_hp_gain":0,"max_hp_loss":0,"event_name":"MindBloom","floor":36,"gold_loss":0,"cards_obtained":["Normality","Normality"]},{"damage_healed":0,"gold_gain":0,"player_choice":"Ignored","damage_taken":0,"max_hp_gain":0,"max_hp_loss":0,"event_name":"Tomb of Lord Red Mask","floor":37,"gold_loss":0},{"damage_healed":0,"gold_gain":0,"player_choice":"Fight","damage_taken":0,"max_hp_gain":0,"max_hp_loss":0,"event_name":"Mysterious Sphere","floor":39,"gold_loss":0},{"cards_removed":["Neutralize"],"damage_healed":0,"gold_gain":0,"player_choice":"Removed Attack","damage_taken":0,"max_hp_gain":0,"max_hp_loss":0,"event_name":"Falling","floor":42,"gold_loss":0},{"damage_healed":0,"gold_gain":0,"player_choice":"Memory 1","damage_taken":0,"max_hp_gain":0,"max_hp_loss":0,"event_name":"SensoryStone","floor":46,"gold_loss":0}],"is_beta":false,"boss_relics":[{"not_picked":["Sozu","Black Star"],"picked":"Astrolabe"},{"not_picked":["Fusion Hammer","SacredBark"],"picked":"WristBlade"}],"items_purged_floors":[22,38],"is_endless":false,"potions_floor_spawned":[3,7,13,19,33,35,47],"ascension_level":20}