{"gold_per_floor":[13,23,23,43,59,92,122,141,166,166,166,184,184,195,195,272,272,282,282,282,332,343,343,374,374,399,413,444,444,444,135,135,212,212,229,229,79,104,151,183,195,232,244,291,303,348,360,119,119,119],"floor_reached":51,"playtime":1793,"items_purged":["Strike_G+1","Strike_G+1","Strike_G+1"],"score":1664,"play_id":"d40bc85a-3246-4dcc-8652-dd1948cb0e98","local_time":"20230205123648","is_ascension_mode":true,"campfire_choices":[{"data":"Malaise","floor":11.0,"key":"SMITH"},{"data":"Blade Dance","floor":13.0,"key":"SMITH"},{"data":"Neutralize","floor":15.0,"key":"SMITH"},{"data":"Blade Dance","floor":23.0,"key":"SMITH"},{"data":"Adrenaline","floor":25.0,"key":"SMITH"},{"data":"Apotheosis","floor":32.0,"key":"SMITH"},{"floor":41.0,"key":"REST"},{"data":"1","floor":45.0,"key":"LIFT"},{"data":"2","floor":47.0,"key":"LIFT"},{"data":"3","floor":49.0,"key":"LIFT"}],"neow_cost":"NO_GOLD","seed_source_timestamp":15477975244200,"circlet_count":0,"master_deck":["AscendersBane","Defend_G+1","Defend_G+1","Defend_G+1","Defend_G+1","Defend_G+1","Survivor","Neutralize+1","Dagger Throw","Blade Dance+1","Dagger Throw","Malaise+1","Backstab","Dagger Spray","PiercingWail","Escape Plan","Adrenaline+1","Blade Dance+1","Finisher","Underhanded Strike+1","Accuracy","Accuracy","Apotheosis+1","Phantasmal Killer","Backflip","Acrobatics","Terror+1","Calculated Gamble","PiercingWail+1","After Image","Escape Plan"],"special_seed":0,"relics":["Ring of the Snake","Ginger","Odd Mushroom","Pen Nib","WristBlade","Ancient Tea Set","War Paint","Centennial Puzzle","Fusion Hammer","WingedGreaves","Calipers","MawBank","Girya","Potion Belt","Pantograph"],"potions_floor_usage":[50,50,50],"damage_taken":[{"damage":6.0,"enemies":"Jaw Worm","floor":1.0,"turns":9.0},{"damage":1.0,"enemies":"Cultist","floor":2.0,"turns":4.0},{"damage":0.0,"enemies":"2 Louse","floor":4.0,"turns":2.0},{"damage":9.0,"enemies":"Large Slime","floor":5.0,"turns":7.0},{"damage":8.0,"enemies":"Gremlin Nob","floor":6.0,"turns":3.0},{"damage":13.0,"enemies":"The Mushroom Lair","floor":7.0,"turns":6.0},{"damage":0.0,"enemies":"3 Louse","floor":8.0,"turns":3.0},{"damage":0.0,"enemies":"2 Fungi Beasts","floor":12.0,"turns":2.0},{"damage":0.0,"enemies":"Gremlin Gang","floor":14.0,"turns":4.0},{"damage":3.0,"enemies":"Hexaghost","floor":16.0,"turns":11.0},{"damage":0.0,"enemies":"Shell Parasite","floor":18.0,"turns":4.0},{"damage":0.0,"enemies":"Chosen","floor":22.0,"turns":2.0},{"damage":0.0,"enemies":"Gremlin Leader","floor":24.0,"turns":5.0},{"damage":0.0,"enemies":"Snecko","floor":27.0,"turns":2.0},{"damage":3.0,"enemies":"Slavers","floor":28.0,"turns":4.0},{"damage":5.0,"enemies":"Champ","floor":33.0,"turns":5.0},{"damage":0.0,"enemies":"Orb Walker","floor":35.0,"turns":2.0},{"damage":0.0,"enemies":"Mind Bloom Boss Battle","floor":38.0,"turns":2.0},{"damage":25.0,"enemies":"2 Orb Walkers","floor":39.0,"turns":4.0},{"damage":1.0,"enemies":"Giant Head","floor":40.0,"turns":4.0},{"damage":0.0,"enemies":"Nemesis","floor":42.0,"turns":1.0},{"damage":0.0,"enemies":"Giant Head","floor":44.0,"turns":4.0},{"damage":0.0,"enemies":"Reptomancer","floor":46.0,"turns":5.0},{"damage":0,"enemies":"Awakened One","floor":50,"turns":8}],"seed_played":"116932255318859267","potions_obtained":[{"floor":2.0,"key":"Strength Potion"},{"floor":5.0,"key":"FearPotion"},{"floor":8.0,"key":"Dexterity Potion"},{"floor":12.0,"key":"EntropicBrew"},{"floor":18.0,"key":"ColorlessPotion"},{"floor":22.0,"key":"DuplicationPotion"},{"floor":28.0,"key":"DuplicationPotion"},{"floor":44.0,"key":"Weak Potion"},{"floor":46.0,"key":"FearPotion"}],"is_trial":false,"path_per_floor":["M","M","?","M","M","E","?","M","T","?","R","M","R","M","R","B",null,"M","?","?","?","M","R","E","R","T","M","E","?","?","$","R","B",null,"M","?","$","?","?","E","R","E","T","E","R","E","R","$","R","B",null],"character_chosen":"THE_SILENT","items_purchased":["Accuracy","Apotheosis","Acrobatics","Escape Plan","Strength Potion"],"campfire_rested":1,"item_purchase_floors":[31,31,37,48,48],"current_hp_per_floor":[53,52,52,52,43,35,22,22,22,22,22,22,22,22,22,19,54,54,54,54,54,54,54,54,54,54,54,51,51,33,33,33,28,60,60,60,60,60,35,34,55,55,55,55,55,55,55,55,55,71],"gold":119,"neow_bonus":"REMOVE_TWO","is_prod":false,"is_daily":false,"chose_seed":false,"campfire_upgraded":6,"win_rate":0,"timestamp":1675629408,"path_taken":["M","M","?","M","?","E","?","M","T","?","R","M","R","M","R","BOSS","M","?","?","?","M","R","E","R","T","?","E","?","?","$","R","BOSS","M","?","$","?","?","E","R","E","T","E","R","E","R","$","R","BOSS"],"build_version":"2022-12-18","purchased_purges":3,"victory":true,"max_hp_per_floor":[66,66,66,66,66,66,66,66,66,66,66,66,66,66,66,66,66,66,66,66,66,66,66,66,66,66,66,66,66,71,71,71,71,71,71,71,71,71,71,71,71,71,71,71,71,71,71,71,71,71],"relic_stats":{"Girya":3,"Calipers":[30],"counters":[24,103],"Pen Nib":[27],"Ginger":[11],"War Paint":["Defend_G","Defend_G"],"Ancient Tea Set":[10],"MawBank":96,"Centennial Puzzle":[9],"Pantograph":16,"WingedGreaves":2,"obtain_stats":[{"Potion Belt":44,"Girya":42,"Calipers":39,"Pen Nib":9,"Ginger":6,"Odd Mushroom":7,"War Paint":26,"Ancient Tea Set":24,"MawBank":40,"Centennial Puzzle":28,"WristBlade":17,"Pantograph":46,"Fusion Hammer":34,"WingedGreaves":38,"Ring of the Snake":0},{"Potion Belt":22,"Girya":21,"Calipers":19,"Pen Nib":7,"Ginger":5,"Odd Mushroom":6,"War Paint":13,"Ancient Tea Set":13,"MawBank":20,"Centennial Puzzle":15,"WristBlade":10,"Pantograph":23,"Fusion Hammer":16,"WingedGreaves":18,"Ring of the Snake":0},{"Potion Belt":90,"Girya":86,"Calipers":81,"Pen Nib":34,"Ginger":25,"Odd Mushroom":31,"War Paint":62,"Ancient Tea Set":62,"MawBank":85,"Centennial Puzzle":68,"WristBlade":51,"Pantograph":95,"Fusion Hammer":73,"WingedGreaves":77,"Ring of the Snake":0}],"Ring of the Snake":[48]},"card_choices":[{"not_picked":["Deflect","Accuracy"],"picked":"Dagger Throw","floor":1.0},{"not_picked":["Flying Knee","Dagger Spray"],"picked":"Blade Dance","floor":2.0},{"not_picked":["Blur","Dodge and Roll"],"picked":"Dagger Throw","floor":4.0},{"not_picked":["Dagger Throw","Cloak And Dagger"],"picked":"Malaise","floor":5.0},{"not_picked":["Bouncing Flask","Prepared","Bane"],"picked":"SKIP","floor":6.0},{"not_picked":["Slice","Cloak And Dagger"],"picked":"Backstab","floor":7.0},{"not_picked":["Dodge and Roll","Sucker Punch"],"picked":"Dagger Spray","floor":8.0},{"not_picked":["Endless Agony","Prepared"],"picked":"PiercingWail","floor":12.0},{"not_picked":["Wraith Form v2","Dodge and Roll"],"picked":"Escape Plan","floor":14.0},{"not_picked":["Doppelganger","Venomology"],"picked":"Adrenaline","floor":16.0},{"not_picked":["Deflect","Dagger Throw"],"picked":"Blade Dance","floor":18.0},{"not_picked":["Eviscerate","Flechettes"],"picked":"Finisher","floor":22.0},{"not_picked":["Escape Plan","Deadly Poison"],"picked":"Underhanded Strike+1","floor":24.0},{"not_picked":["Deadly Poison","Calculated Gamble+1"],"picked":"Accuracy","floor":27.0},{"not_picked":["Wraith Form v2","Underhanded Strike","Masterful Stab"],"picked":"SKIP","floor":28.0},{"not_picked":["Doppelganger","Envenom"],"picked":"Phantasmal Killer","floor":33.0},{"not_picked":["Reflex","Flying Knee"],"picked":"Backflip","floor":35.0},{"not_picked":["Cloak And Dagger","Prepared"],"picked":"Terror+1","floor":38.0},{"not_picked":["Accuracy","PiercingWail"],"picked":"Calculated Gamble","floor":39.0},{"not_picked":["Terror","Glass Knife","Sucker Punch"],"picked":"SKIP","floor":40.0},{"not_picked":["Distraction+1","Catalyst"],"picked":"PiercingWail+1","floor":42.0},{"not_picked":["Catalyst","Prepared"],"picked":"After Image","floor":44.0},{"not_picked":["Blur","Calculated Gamble","Underhanded Strike"],"picked":"SKIP","floor":46.0}],"player_experience":5494399,"relics_obtained":[{"floor":6.0,"key":"Ginger"},{"floor":7.0,"key":"Odd Mushroom"},{"floor":9.0,"key":"Pen Nib"},{"floor":24.0,"key":"Ancient Tea Set"},{"floor":26.0,"key":"War Paint"},{"floor":28.0,"key":"Centennial Puzzle"},{"floor":38.0,"key":"WingedGreaves"},{"floor":39.0,"key":"Calipers"},{"floor":40.0,"key":"MawBank"},{"floor":42.0,"key":"Girya"},{"floor":44.0,"key":"Potion Belt"},{"floor":46.0,"key":"Pantograph"}],"event_choices":[{"damage_healed":0.0,"max_hp_gain":0.0,"max_hp_loss":0.0,"gold_gain":0.0,"event_name":"WeMeetAgain","player_choice":"Ignored","floor":3.0,"gold_loss":0.0,"damage_taken":0.0},{"damage_healed":0.0,"max_hp_gain":0.0,"max_hp_loss":0.0,"gold_gain":0.0,"event_name":"Mushrooms","player_choice":"Fought Mushrooms","floor":7.0,"gold_loss":0.0,"damage_taken":0.0},{"damage_healed":0.0,"max_hp_gain":0.0,"max_hp_loss":0.0,"gold_gain":0.0,"event_name":"Shining Light","player_choice":"Ignored","floor":10.0,"gold_loss":0.0,"damage_taken":0.0},{"damage_healed":0.0,"max_hp_gain":0.0,"max_hp_loss":0.0,"gold_gain":0.0,"event_name":"Ghosts","player_choice":"Ignored","floor":19.0,"gold_loss":0.0,"damage_taken":0.0},{"damage_healed":0.0,"max_hp_gain":0.0,"max_hp_loss":0.0,"gold_gain":0.0,"event_name":"Vampires","player_choice":"Ignored","floor":20.0,"gold_loss":0.0,"damage_taken":0.0},{"damage_healed":0.0,"max_hp_gain":0.0,"max_hp_loss":0.0,"gold_gain":100.0,"event_name":"The Joust","player_choice":"Bet on Murderer","floor":21.0,"gold_loss":50.0,"damage_taken":0.0},{"damage_healed":0.0,"max_hp_gain":0.0,"max_hp_loss":0.0,"gold_gain":0.0,"event_name":"Back to Basics","player_choice":"Simplicity","floor":29.0,"gold_loss":0.0,"damage_taken":0.0,"cards_upgraded":["Strike_G","Strike_G","Strike_G","Defend_G","Defend_G","Defend_G"]},{"damage_healed":0.0,"max_hp_gain":5.0,"max_hp_loss":0.0,"gold_gain":0.0,"event_name":"Forgotten Altar","player_choice":"Shed Blood","floor":30.0,"gold_loss":0.0,"damage_taken":23.0},{"damage_healed":0.0,"max_hp_gain":0.0,"max_hp_loss":0.0,"gold_gain":0.0,"event_name":"Tomb of Lord Red Mask","player_choice":"Ignored","floor":36.0,"gold_loss":0.0,"damage_taken":0.0},{"damage_healed":0.0,"max_hp_gain":0.0,"max_hp_loss":0.0,"gold_gain":0.0,"event_name":"MindBloom","player_choice":"Fight","floor":38.0,"gold_loss":0.0,"damage_taken":0.0},{"damage_healed":0.0,"max_hp_gain":0.0,"max_hp_loss":0.0,"gold_gain":0.0,"event_name":"Mysterious Sphere","player_choice":"Fight","floor":39.0,"gold_loss":0.0,"damage_taken":0.0}],"is_beta":false,"boss_relics":[{"not_picked":["Philosopher\u0027s Stone","Ectoplasm"],"picked":"WristBlade"},{"not_picked":["Calling Bell","SacredBark"],"picked":"Fusion Hammer"}],"items_purged_floors":[31,37,48],"is_endless":false,"potions_floor_spawned":[2,5,8,12,18,22,28,40,44,46],"ascension_level":15}