{"gold_per_floor":[110,20,20,38,38,69,33,52,52,80,80],"floor_reached":11,"playtime":344,"items_purged":[],"score":142,"play_id":"7af61199-330a-4998-b33e-1d16605a865f","local_time":"20230407204651","is_ascension_mode":true,"campfire_choices":[],"neow_cost":"CURSE","seed_source_timestamp":11127495636900,"circlet_count":0,"master_deck":["AscendersBane","Strike_G","Strike_G","Strike_G","Strike_G","Defend_G","Defend_G","Defend_G","Defend_G","Defend_G","Survivor","Neutralize","Shame","Malaise","Deadly Poison","Noxious Fumes","Quick Slash","Concentrate","Catalyst","Bane","Footwork","Deflect","Acrobatics"],"relics":["Ring of the Snake","Shuriken","Dream Catcher","Strawberry"],"potions_floor_usage":[10],"damage_taken":[{"damage":3,"enemies":"Cultist","floor":1,"turns":4},{"damage":3,"enemies":"2 Louse","floor":4,"turns":4},{"damage":25,"enemies":"Lagavulin","floor":6,"turns":9},{"damage":0,"enemies":"Jaw Worm","floor":8,"turns":4},{"damage":47,"enemies":"Gremlin Nob","floor":10,"turns":5},{"damage":17,"enemies":"Lots of Slimes","floor":11,"turns":2}],"seed_played":"8171169137581821727","potions_obtained":[{"floor":1,"key":"FairyPotion"},{"floor":4,"key":"Strength Potion"}],"is_trial":false,"path_per_floor":["M","$","?","M","$","E","$","M","T","E","M"],"character_chosen":"THE_SILENT","basemod:card_modifiers":[null,null,null,null,null,null,null,null,null,null,null,null,null,null,null,null,null,null,null,null,null,null,null],"items_purchased":["Noxious Fumes","Quick Slash","Footwork"],"campfire_rested":0,"item_purchase_floors":[2,2,7],"current_hp_per_floor":[56,56,56,53,53,28,28,28,28,17,0],"gold":80,"neow_bonus":"THREE_RARE_CARDS","is_prod":false,"is_daily":false,"chose_seed":false,"campfire_upgraded":0,"win_rate":0,"timestamp":1680925611,"path_taken":["M","$","?","M","?","E","$","M","T","E","M"],"build_version":"2022-12-18","purchased_purges":0,"victory":false,"max_hp_per_floor":[66,66,66,66,66,66,66,66,66,73,73],"relic_stats":{"Dream Catcher":0,"counters":[6,28],"Shuriken":[3],"obtain_stats":[{"Dream Catcher":9,"Shuriken":6,"Strawberry":10,"Ring of the Snake":0},{"Dream Catcher":4,"Shuriken":3,"Strawberry":5,"Ring of the Snake":0},{"Dream Catcher":21,"Shuriken":17,"Strawberry":26,"Ring of the Snake":0}],"Ring of the Snake":[12]},"card_choices":[{"not_picked":["Night Terror","Unload"],"picked":"Malaise","floor":0},{"not_picked":["Acrobatics","Sucker Punch"],"picked":"Deadly Poison","floor":1},{"not_picked":["Flying Knee","Acrobatics"],"picked":"Catalyst","floor":4},{"not_picked":["Tactician","PiercingWail"],"picked":"Bane","floor":6},{"not_picked":["Footwork","Dagger Spray"],"picked":"Deflect","floor":8},{"not_picked":["Expertise","Reflex"],"picked":"Acrobatics","floor":10}],"player_experience":5546463,"relics_obtained":[{"floor":6,"key":"Shuriken"},{"floor":9,"key":"Dream Catcher"},{"floor":10,"key":"Strawberry"}],"event_choices":[{"damage_healed":0,"gold_gain":0,"cards_transformed":["Strike_G"],"player_choice":"Transformed","damage_taken":0,"max_hp_gain":0,"max_hp_loss":0,"event_name":"Transmorgrifier","floor":3,"gold_loss":0,"cards_obtained":["Concentrate"]}],"is_beta":false,"boss_relics":[],"items_purged_floors":[],"is_endless":false,"potions_floor_spawned":[1,4],"killed_by":"Lots of Slimes","ascension_level":15}