{"gold_per_floor":[19,19,33,47,66,94,94,17,41,71,24,24,50,50,50,140,140,158,208,208,56,72,72,108,124,124,165,165,188,188,265,265,355,355,376,142,162,18,37,78,101,142,142,161,44,75,138,153,153,153],"floor_reached":51,"playtime":2591,"items_purged":["Strike_G+1","Strike_G+1"],"score":1550,"play_id":"dea984fa-13a7-463a-bee6-0b92eea5e296","local_time":"20230404184752","is_ascension_mode":true,"campfire_choices":[{"data":"All Out Attack","floor":7.0,"key":"SMITH"},{"data":"Blade Dance","floor":12.0,"key":"SMITH"},{"data":"Glass Knife","floor":15.0,"key":"SMITH"},{"data":"Blade Dance","floor":23.0,"key":"SMITH"},{"data":"Footwork","floor":28.0,"key":"SMITH"},{"data":"Well Laid Plans","floor":30.0,"key":"SMITH"},{"floor":32.0,"key":"REST"},{"floor":49.0,"key":"REST"}],"neow_cost":"NO_GOLD","seed_source_timestamp":85570657264900,"circlet_count":0,"master_deck":["AscendersBane","Strike_G+1","Strike_G+1","Strike_G+1","Defend_G+1","Defend_G+1","Defend_G+1","Defend_G+1","Defend_G+1","Survivor","Neutralize+1","Deflect","Blade Dance+1","Dagger Throw","Slice","All Out Attack+1","Footwork+1","Well Laid Plans+1","Blade Dance+1","Glass Knife+1","Wraith Form v2","Calculated Gamble","Leg Sweep","Crippling Poison+1","Dodge and Roll+1","Acrobatics","Backstab","Malaise","Acrobatics+1","Master of Strategy+1","Trip+1","Escape Plan+1","Blade Dance+1","PiercingWail+1","Tactician+1","Blur+1"],"special_seed":0,"relics":["Ring of the Snake","Ginger","Nunchaku","Bag of Preparation","Bag of Marbles","Tiny Chest","Golden Idol","Philosopher\u0027s Stone","Omamori","Bottled Flame","Darkstone Periapt","The Courier","Calling Bell","Art of War","Toxic Egg 2","Gambling Chip","Matryoshka","PreservedInsect","Anchor","Ornamental Fan","Bronze Scales","Calipers"],"potions_floor_usage":[50,50],"damage_taken":[{"damage":1.0,"enemies":"Small Slimes","floor":1.0,"turns":5.0},{"damage":0.0,"enemies":"Cultist","floor":3.0,"turns":4.0},{"damage":0.0,"enemies":"Jaw Worm","floor":4.0,"turns":5.0},{"damage":0.0,"enemies":"Large Slime","floor":5.0,"turns":6.0},{"damage":18.0,"enemies":"Gremlin Nob","floor":6.0,"turns":4.0},{"damage":9.0,"enemies":"Lagavulin","floor":10.0,"turns":5.0},{"damage":5.0,"enemies":"3 Sentries","floor":13.0,"turns":6.0},{"damage":10.0,"enemies":"Slime Boss","floor":16.0,"turns":7.0},{"damage":4.0,"enemies":"Shell Parasite","floor":18.0,"turns":4.0},{"damage":2.0,"enemies":"2 Thieves","floor":22.0,"turns":3.0},{"damage":0.0,"enemies":"Slavers","floor":24.0,"turns":4.0},{"damage":8.0,"enemies":"Shelled Parasite and Fungi","floor":25.0,"turns":6.0},{"damage":4.0,"enemies":"Book of Stabbing","floor":27.0,"turns":7.0},{"damage":0.0,"enemies":"Centurion and Healer","floor":29.0,"turns":5.0},{"damage":39.0,"enemies":"Champ","floor":33.0,"turns":10.0},{"damage":0.0,"enemies":"Orb Walker","floor":35.0,"turns":1.0},{"damage":1.0,"enemies":"3 Shapes","floor":37.0,"turns":5.0},{"damage":6.0,"enemies":"3 Darklings","floor":39.0,"turns":5.0},{"damage":0.0,"enemies":"Nemesis","floor":40.0,"turns":5.0},{"damage":13.0,"enemies":"Jaw Worm Horde","floor":41.0,"turns":4.0},{"damage":0.0,"enemies":"Giant Head","floor":42.0,"turns":5.0},{"damage":0.0,"enemies":"Spire Growth","floor":44.0,"turns":4.0},{"damage":2.0,"enemies":"Reptomancer","floor":46.0,"turns":4.0},{"damage":0.0,"enemies":"2 Orb Walkers","floor":47.0,"turns":3.0},{"damage":0.0,"enemies":"Transient","floor":48.0,"turns":5.0},{"damage":43,"enemies":"Donu and Deca","floor":50,"turns":14}],"seed_played":"6795676594101896263","potions_obtained":[{"floor":1.0,"key":"PowerPotion"},{"floor":3.0,"key":"Energy Potion"},{"floor":10.0,"key":"Regen Potion"},{"floor":13.0,"key":"EssenceOfSteel"},{"floor":16.0,"key":"PowerPotion"},{"floor":22.0,"key":"AttackPotion"},{"floor":27.0,"key":"AttackPotion"},{"floor":37.0,"key":"BlessingOfTheForge"}],"is_trial":false,"path_per_floor":["M","?","M","M","M","E","R","$","T","E","$","R","E","?","R","B",null,"M","?","?","$","M","R","E","M","T","E","R","M","R","T","R","B",null,"M","$","M","$","M","E","M","E","T","M","$","E","?","M","R","B",null],"character_chosen":"THE_SILENT","basemod:card_modifiers":[null,null,null,null,null,null,null,null,null,null,null,null,null,null,null,null,null,null,null,null,null,null,null,null,null,null,null,null,null,null,null,null,null,null,null,null],"items_purchased":["Footwork","Blade Dance","Leg Sweep","Master of Strategy+1","Trip+1","Strength Potion","Escape Plan+1","Fruit Juice","AttackPotion"],"campfire_rested":2,"item_purchase_floors":[8,11,21,36,38,38,38,45,45],"current_hp_per_floor":[58,58,58,58,58,40,40,40,40,31,31,31,41,18,18,8,52,48,48,48,48,46,46,46,38,38,34,34,34,34,34,53,14,53,53,53,52,52,46,46,33,33,33,33,38,36,36,36,57,14],"gold":153,"neow_bonus":"ONE_RARE_RELIC","is_prod":false,"is_daily":false,"chose_seed":false,"campfire_upgraded":6,"win_rate":0,"timestamp":1680659272,"path_taken":["M","?","?","M","M","E","R","$","T","E","$","R","E","?","R","BOSS","M","?","?","$","M","R","E","M","T","E","R","M","R","?","R","BOSS","M","$","M","$","M","E","M","E","T","?","$","E","?","M","R","BOSS"],"build_version":"2022-12-18","purchased_purges":2,"victory":true,"max_hp_per_floor":[66,66,66,66,66,66,66,66,66,66,66,66,66,66,66,66,66,66,66,66,66,66,66,66,66,66,66,66,66,66,66,66,66,66,66,66,66,66,66,66,66,66,66,66,71,71,71,71,71,71],"relic_stats":{"Darkstone Periapt":0,"Calipers":[41],"counters":[26,136],"Golden Idol":148,"The Courier":123,"PreservedInsect":60,"Bag of Preparation":[42],"Omamori":1,"Ginger":[8],"Nunchaku":[44],"Bottled Flame":"Glass Knife","Matryoshka":1,"Ornamental Fan":[148],"Gambling Chip":[39],"Bronze Scales":[64],"Tiny Chest":1,"Art of War":[4],"obtain_stats":[{"Darkstone Periapt":27,"Calipers":47,"Golden Idol":14,"The Courier":31,"PreservedInsect":42,"Bag of Preparation":9,"Omamori":24,"Ginger":0,"Calling Bell":34,"Nunchaku":6,"Bottled Flame":26,"Anchor":43,"Matryoshka":40,"Ornamental Fan":43,"Gambling Chip":34,"Bronze Scales":46,"Tiny Chest":13,"Philosopher\u0027s Stone":17,"Bag of Marbles":10,"Art of War":34,"Toxic Egg 2":34,"Ring of the Snake":0},{"Darkstone Periapt":13,"Calipers":24,"Golden Idol":7,"The Courier":14,"PreservedInsect":21,"Bag of Preparation":5,"Omamori":11,"Ginger":0,"Calling Bell":15,"Nunchaku":5,"Bottled Flame":12,"Anchor":21,"Matryoshka":19,"Ornamental Fan":21,"Gambling Chip":15,"Bronze Scales":23,"Tiny Chest":7,"Philosopher\u0027s Stone":8,"Bag of Marbles":6,"Art of War":15,"Toxic Egg 2":15,"Ring of the Snake":0},{"Darkstone Periapt":66,"Calipers":117,"Golden Idol":35,"The Courier":71,"PreservedInsect":106,"Bag of Preparation":24,"Omamori":53,"Ginger":0,"Calling Bell":81,"Nunchaku":24,"Bottled Flame":59,"Anchor":106,"Matryoshka":97,"Ornamental Fan":106,"Gambling Chip":81,"Bronze Scales":114,"Tiny Chest":35,"Philosopher\u0027s Stone":42,"Bag of Marbles":29,"Art of War":81,"Toxic Egg 2":81,"Ring of the Snake":0}],"Ring of the Snake":[52]},"card_choices":[{"not_picked":["Deadly Poison","Catalyst"],"picked":"Deflect","floor":1.0},{"not_picked":["Backflip","Flechettes"],"picked":"Blade Dance","floor":3.0},{"not_picked":["Underhanded Strike","Choke"],"picked":"Dagger Throw","floor":4.0},{"not_picked":["Crippling Poison","Doppelganger"],"picked":"Slice","floor":5.0},{"not_picked":["Cloak And Dagger","Choke"],"picked":"All Out Attack","floor":6.0},{"not_picked":["Choke","Dodge and Roll"],"picked":"Well Laid Plans","floor":10.0},{"not_picked":["Deflect","Acrobatics"],"picked":"Glass Knife","floor":13.0},{"not_picked":["Grand Finale","Night Terror"],"picked":"Wraith Form v2","floor":16.0},{"not_picked":["Well Laid Plans","Noxious Fumes"],"picked":"Calculated Gamble","floor":18.0},{"not_picked":["Poisoned Stab","Cloak And Dagger+1"],"picked":"Crippling Poison+1","floor":22.0},{"not_picked":["Caltrops","Underhanded Strike","Crippling Poison"],"picked":"SKIP","floor":24.0},{"not_picked":["Blade Dance","Deflect"],"picked":"Dodge and Roll+1","floor":25.0},{"not_picked":["Sucker Punch","Bane"],"picked":"Acrobatics","floor":27.0},{"not_picked":["Tactician","Slice"],"picked":"Backstab","floor":29.0},{"not_picked":["Night Terror","Die Die Die"],"picked":"Malaise","floor":33.0},{"not_picked":["Outmaneuver+1","Poisoned Stab"],"picked":"Acrobatics+1","floor":35.0},{"not_picked":["Underhanded Strike","Backstab+1","Quick Slash"],"picked":"SKIP","floor":37.0},{"not_picked":["Well Laid Plans","Heel Hook"],"picked":"Blade Dance+1","floor":39.0},{"not_picked":["Grand Finale","Poisoned Stab+1","Flechettes"],"picked":"SKIP","floor":40.0},{"not_picked":["Deflect+1","Tactician+1"],"picked":"PiercingWail+1","floor":41.0},{"not_picked":["Expertise+1","Dagger Spray","Deflect+1"],"picked":"SKIP","floor":42.0},{"not_picked":["Prepared+1","Acrobatics+1"],"picked":"Tactician+1","floor":44.0},{"not_picked":["Sucker Punch","PiercingWail+1"],"picked":"Blur+1","floor":46.0},{"not_picked":["Dagger Throw","Unload","Skewer"],"picked":"SKIP","floor":48.0}],"player_experience":5535079,"relics_obtained":[{"floor":6.0,"key":"Nunchaku"},{"floor":9.0,"key":"Bag of Preparation"},{"floor":10.0,"key":"Bag of Marbles"},{"floor":13.0,"key":"Tiny Chest"},{"floor":24.0,"key":"Omamori"},{"floor":26.0,"key":"Bottled Flame"},{"floor":27.0,"key":"Darkstone Periapt"},{"floor":31.0,"key":"The Courier"},{"floor":34.0,"key":"Art of War"},{"floor":34.0,"key":"Toxic Egg 2"},{"floor":34.0,"key":"Gambling Chip"},{"floor":40.0,"key":"Matryoshka"},{"floor":42.0,"key":"PreservedInsect"},{"floor":43.0,"key":"Anchor"},{"floor":43.0,"key":"Ornamental Fan"},{"floor":46.0,"key":"Bronze Scales"},{"floor":47.0,"key":"Calipers"}],"event_choices":[{"damage_healed":0.0,"max_hp_gain":0.0,"max_hp_loss":0.0,"gold_gain":0.0,"event_name":"Upgrade Shrine","player_choice":"Upgraded","floor":2.0,"gold_loss":0.0,"damage_taken":0.0,"cards_upgraded":["Neutralize"]},{"damage_healed":0.0,"max_hp_gain":0.0,"max_hp_loss":0.0,"gold_gain":0.0,"event_name":"Golden Idol","player_choice":"Take Damage","floor":14.0,"gold_loss":0.0,"damage_taken":23.0,"relics_obtained":["Golden Idol"]},{"damage_healed":0.0,"max_hp_gain":0.0,"max_hp_loss":0.0,"gold_gain":50.0,"event_name":"Nest","player_choice":"Stole From Cult","floor":19.0,"gold_loss":0.0,"damage_taken":0.0},{"damage_healed":0.0,"max_hp_gain":0.0,"max_hp_loss":0.0,"gold_gain":0.0,"event_name":"Back to Basics","player_choice":"Simplicity","floor":20.0,"gold_loss":0.0,"damage_taken":0.0,"cards_upgraded":["Strike_G","Strike_G","Strike_G","Strike_G","Strike_G","Defend_G","Defend_G","Defend_G","Defend_G","Defend_G"]},{"damage_healed":0.0,"max_hp_gain":0.0,"max_hp_loss":0.0,"gold_gain":0.0,"event_name":"Mysterious Sphere","player_choice":"Fight","floor":47.0,"gold_loss":0.0,"damage_taken":0.0}],"is_beta":false,"boss_relics":[{"not_picked":["Snecko Eye","Black Star"],"picked":"Philosopher\u0027s Stone"},{"not_picked":["Tiny House","Runic Pyramid"],"picked":"Calling Bell"}],"items_purged_floors":[21,36],"is_endless":false,"potions_floor_spawned":[1,3,10,13,16,22,27,29,37,39,40,47],"ascension_level":15}