{"gold_per_floor":[115,130,280,80,155,155,166,166,235,266,284,297,297,327,327,404,404,414,414,427,445,114,141,141,141,141,172,182,182,25,37,37,111,111,130,142,156,8,33,68,68,95,120,120,152,2,2,35,35,35],"floor_reached":51,"playtime":3362,"items_purged":["Doubt","Strike_G","Well Laid Plans","Accuracy"],"score":1444,"play_id":"6c0a72d8-7f07-494d-8d36-29aad16679fd","local_time":"20230402220023","is_ascension_mode":true,"campfire_choices":[{"data":"All Out Attack","floor":6.0,"key":"SMITH"},{"data":"Poisoned Stab","floor":8.0,"key":"SMITH"},{"data":"Neutralize","floor":13.0,"key":"SMITH"},{"data":"Dagger Spray","floor":15.0,"key":"SMITH"},{"floor":25.0,"key":"REST"},{"floor":32.0,"key":"REST"},{"data":"Bouncing Flask","floor":41.0,"key":"SMITH"},{"floor":44.0,"key":"REST"},{"floor":47.0,"key":"REST"},{"data":"Footwork","floor":49.0,"key":"SMITH"}],"neow_cost":"NONE","seed_source_timestamp":218676091928900,"circlet_count":0,"master_deck":["AscendersBane","Defend_G","Defend_G","Defend_G","Defend_G","Survivor","Neutralize+1","Backflip","All Out Attack+1","Poisoned Stab+1","Dagger Spray+1","Dash","Burst+1","Wraith Form v2","Backflip+1","Flying Knee+1","Calculated Gamble","Footwork+1","Venomology","Bouncing Flask+1","Cloak And Dagger","Dodge and Roll","Blur","Corpse Explosion","Well Laid Plans+1","PiercingWail+1","Concentrate+1","Backflip+1","Flying Knee+1","Flechettes+1","Caltrops+1","Footwork+1","Dodge and Roll+1"],"special_seed":0,"relics":["Ring of the Snake","Pen Nib","Gremlin Horn","Anchor","Toy Ornithopter","Snecko Eye","War Paint","CaptainsWheel","Question Card","Darkstone Periapt","Orrery","Astrolabe","WingedGreaves","Sundial","Bag of Marbles","Whetstone","Girya","Toxic Egg 2"],"potions_floor_usage":[50,50,50],"damage_taken":[{"damage":1.0,"enemies":"Small Slimes","floor":1.0,"turns":4.0},{"damage":0.0,"enemies":"2 Louse","floor":2.0,"turns":4.0},{"damage":0.0,"enemies":"Cultist","floor":7.0,"turns":4.0},{"damage":5.0,"enemies":"3 Sentries","floor":10.0,"turns":3.0},{"damage":0.0,"enemies":"Blue Slaver","floor":11.0,"turns":3.0},{"damage":0.0,"enemies":"Lots of Slimes","floor":12.0,"turns":1.0},{"damage":21.0,"enemies":"Gremlin Nob","floor":14.0,"turns":4.0},{"damage":20.0,"enemies":"Slime Boss","floor":16.0,"turns":5.0},{"damage":2.0,"enemies":"2 Thieves","floor":18.0,"turns":3.0},{"damage":0.0,"enemies":"Chosen","floor":20.0,"turns":4.0},{"damage":37.0,"enemies":"3 Cultists","floor":21.0,"turns":8.0},{"damage":1.0,"enemies":"Slavers","floor":23.0,"turns":5.0},{"damage":4.0,"enemies":"Book of Stabbing","floor":27.0,"turns":7.0},{"damage":16.0,"enemies":"Snake Plant","floor":28.0,"turns":5.0},{"damage":0.0,"enemies":"Snecko","floor":31.0,"turns":5.0},{"damage":37.0,"enemies":"Collector","floor":33.0,"turns":13.0},{"damage":0.0,"enemies":"3 Darklings","floor":35.0,"turns":4.0},{"damage":6.0,"enemies":"Orb Walker","floor":36.0,"turns":4.0},{"damage":10.0,"enemies":"4 Shapes","floor":37.0,"turns":4.0},{"damage":10.0,"enemies":"Mind Bloom Boss Battle","floor":39.0,"turns":10.0},{"damage":23.0,"enemies":"Nemesis","floor":40.0,"turns":11.0},{"damage":41.0,"enemies":"Giant Head","floor":42.0,"turns":10.0},{"damage":5.0,"enemies":"Nemesis","floor":45.0,"turns":7.0},{"damage":0.0,"enemies":"Reptomancer","floor":48.0,"turns":7.0},{"damage":50,"enemies":"Donu and Deca","floor":50,"turns":10}],"seed_played":"7588311249866953699","potions_obtained":[{"floor":10.0,"key":"Fire Potion"},{"floor":14.0,"key":"ColorlessPotion"},{"floor":16.0,"key":"FearPotion"},{"floor":18.0,"key":"Fire Potion"},{"floor":23.0,"key":"GamblersBrew"},{"floor":35.0,"key":"SteroidPotion"},{"floor":37.0,"key":"Regen Potion"},{"floor":39.0,"key":"Energy Potion"},{"floor":42.0,"key":"Fire Potion"}],"is_trial":false,"path_per_floor":["M","M","?","$","?","R","M","R","T","E","M","M","R","E","R","B",null,"M","?","M","M","$","E","?","R","T","E","M","$","$","M","R","B",null,"M","M","M","$","?","E","R","E","T","R","E","$","R","E","R","B",null],"character_chosen":"THE_SILENT","basemod:card_modifiers":[null,null,null,null,null,null,null,null,null,null,null,null,null,null,null,null,null,null,null,null,null,null,null,null,null,null,null,null,null,null,null,null,null],"items_purchased":["Explosive Potion","All Out Attack","Fire Potion","Calculated Gamble","War Paint","Orrery","Flying Knee"],"campfire_rested":4,"item_purchase_floors":[4,4,22,22,22,30,38],"current_hp_per_floor":[58,58,58,58,47,47,47,47,47,42,42,42,42,21,21,11,52,50,50,55,18,18,27,27,46,46,42,26,26,26,26,45,23,55,55,54,49,49,59,48,48,17,17,36,36,36,55,60,60,21],"gold":35,"neow_bonus":"RANDOM_COMMON_RELIC","is_prod":false,"is_daily":false,"chose_seed":false,"campfire_upgraded":6,"win_rate":0,"timestamp":1680498023,"path_taken":["M","M","?","$","?","R","M","R","T","E","M","M","R","E","R","BOSS","M","?","M","?","$","E","?","R","T","E","?","?","$","M","R","BOSS","M","M","M","$","?","E","R","E","T","R","E","$","R","E","R","BOSS"],"build_version":"2022-12-18","purchased_purges":4,"victory":true,"max_hp_per_floor":[66,66,66,66,66,66,66,66,66,66,66,66,66,66,66,66,66,66,66,66,66,66,66,66,66,66,66,66,66,66,66,66,66,66,66,66,66,66,66,66,66,66,66,66,66,66,66,66,66,66],"relic_stats":{"Darkstone Periapt":0,"Girya":0,"Gremlin Horn":[24,24],"counters":[25,145],"Astrolabe":["Well Laid Plans","PiercingWail","Concentrate"],"Pen Nib":[23],"Whetstone":["Flying Knee","Flechettes"],"War Paint":["Backflip","Burst"],"Question Card":17,"Sundial":[6],"Snecko Eye":[225,262,248,240,-453],"WingedGreaves":3,"obtain_stats":[{"Darkstone Periapt":27,"Girya":45,"Gremlin Horn":9,"Astrolabe":34,"Pen Nib":0,"Whetstone":43,"War Paint":22,"Question Card":26,"Anchor":10,"CaptainsWheel":23,"Sundial":40,"Snecko Eye":17,"Orrery":30,"WingedGreaves":39,"Bag of Marbles":42,"Toxic Egg 2":48,"Toy Ornithopter":14,"Ring of the Snake":0},{"Darkstone Periapt":13,"Girya":23,"Gremlin Horn":3,"Astrolabe":16,"Pen Nib":0,"Whetstone":22,"War Paint":11,"Question Card":12,"Anchor":4,"CaptainsWheel":12,"Sundial":21,"Snecko Eye":8,"Orrery":14,"WingedGreaves":20,"Bag of Marbles":22,"Toxic Egg 2":24,"Toy Ornithopter":7,"Ring of the Snake":0},{"Darkstone Periapt":55,"Girya":128,"Gremlin Horn":12,"Astrolabe":78,"Pen Nib":0,"Whetstone":121,"War Paint":43,"Question Card":48,"Anchor":15,"CaptainsWheel":48,"Sundial":111,"Snecko Eye":28,"Orrery":60,"WingedGreaves":100,"Bag of Marbles":121,"Toxic Egg 2":135,"Toy Ornithopter":23,"Ring of the Snake":0}],"Toy Ornithopter":98,"Ring of the Snake":[50]},"card_choices":[{"not_picked":["Bane","Flechettes"],"picked":"Well Laid Plans","floor":1.0},{"not_picked":["Dodge and Roll","Bane"],"picked":"Backflip","floor":2.0},{"not_picked":["Bane","Sucker Punch"],"picked":"Poisoned Stab","floor":7.0},{"not_picked":["Storm of Steel","Backstab"],"picked":"Accuracy","floor":10.0},{"not_picked":["Quick Slash","Deflect"],"picked":"Dagger Spray","floor":11.0},{"not_picked":["Dagger Throw","Deadly Poison"],"picked":"Dash","floor":12.0},{"not_picked":["Finisher","Deflect"],"picked":"Burst","floor":14.0},{"not_picked":["Tools of the Trade","Corpse Explosion"],"picked":"Wraith Form v2","floor":16.0},{"not_picked":["Quick Slash","Dodge and Roll"],"picked":"Backflip","floor":18.0},{"not_picked":["Poisoned Stab","Skewer"],"picked":"Flying Knee+1","floor":20.0},{"not_picked":["Poisoned Stab","Escape Plan","Masterful Stab"],"picked":"SKIP","floor":21.0},{"not_picked":["Burst","Setup","Caltrops"],"picked":"SKIP","floor":23.0},{"not_picked":["Flying Knee","Grand Finale","Calculated Gamble"],"picked":"Footwork","floor":27.0},{"not_picked":["Slice","Dagger Spray","Backflip","Acrobatics"],"picked":"SKIP","floor":28.0},{"not_picked":["All Out Attack","Acrobatics","Slice"],"picked":"Venomology","floor":30.0},{"not_picked":["Masterful Stab","Deflect","Dagger Throw"],"picked":"Bouncing Flask","floor":30.0},{"not_picked":["Expertise","Finisher","All Out Attack"],"picked":"Cloak And Dagger","floor":30.0},{"not_picked":["Underhanded Strike","Backstab","Unload"],"picked":"Dodge and Roll","floor":30.0},{"not_picked":["Deflect","Poisoned Stab","Cloak And Dagger"],"picked":"Blur","floor":31.0},{"not_picked":["A Thousand Cuts","Phantasmal Killer","Burst"],"picked":"Corpse Explosion","floor":33.0},{"not_picked":["Finisher+1","Dagger Throw","Outmaneuver","Infinite Blades"],"picked":"SKIP","floor":35.0},{"not_picked":["Flying Knee","Slice","Noxious Fumes","Bouncing Flask"],"picked":"SKIP","floor":36.0},{"not_picked":["Accuracy+1","Skewer","Tactician"],"picked":"Backflip+1","floor":37.0},{"not_picked":["Dagger Throw","Well Laid Plans","Grand Finale"],"picked":"Flechettes","floor":40.0},{"not_picked":["PiercingWail","Flying Knee","Infinite Blades"],"picked":"Caltrops+1","floor":42.0},{"not_picked":["Burst","Reflex","Leg Sweep"],"picked":"Footwork+1","floor":45.0},{"not_picked":["Sucker Punch","Deadly Poison+1","Dagger Throw+1"],"picked":"Dodge and Roll+1","floor":48.0}],"player_experience":5528842,"relics_obtained":[{"floor":9.0,"key":"Gremlin Horn"},{"floor":10.0,"key":"Anchor"},{"floor":14.0,"key":"Toy Ornithopter"},{"floor":23.0,"key":"CaptainsWheel"},{"floor":26.0,"key":"Question Card"},{"floor":27.0,"key":"Darkstone Periapt"},{"floor":39.0,"key":"WingedGreaves"},{"floor":40.0,"key":"Sundial"},{"floor":42.0,"key":"Bag of Marbles"},{"floor":43.0,"key":"Whetstone"},{"floor":45.0,"key":"Girya"},{"floor":48.0,"key":"Toxic Egg 2"}],"event_choices":[{"damage_healed":0.0,"max_hp_gain":0.0,"max_hp_loss":0.0,"gold_gain":150.0,"event_name":"Liars Game","player_choice":"AGREE","floor":3.0,"gold_loss":0.0,"damage_taken":0.0,"cards_obtained":["Doubt"]},{"damage_healed":0.0,"max_hp_gain":0.0,"max_hp_loss":0.0,"gold_gain":75.0,"event_name":"World of Goop","player_choice":"Gather Gold","floor":5.0,"gold_loss":0.0,"damage_taken":11.0},{"cards_removed":["Strike_G"],"damage_healed":0.0,"max_hp_gain":0.0,"max_hp_loss":0.0,"gold_gain":0.0,"event_name":"Bonfire Elementals","player_choice":"Offered Basic","floor":19.0,"gold_loss":0.0,"damage_taken":0.0},{"cards_removed":["Strike_G"],"damage_healed":0.0,"max_hp_gain":0.0,"max_hp_loss":0.0,"gold_gain":0.0,"event_name":"Purifier","player_choice":"Purged","floor":24.0,"gold_loss":0.0,"damage_taken":0.0},{"damage_healed":0.0,"max_hp_gain":0.0,"max_hp_loss":0.0,"gold_gain":0.0,"event_name":"MindBloom","player_choice":"Fight","floor":39.0,"gold_loss":0.0,"damage_taken":0.0}],"is_beta":false,"boss_relics":[{"not_picked":["Runic Dome","SacredBark"],"picked":"Snecko Eye"},{"not_picked":["Busted Crown","Ring of the Serpent"],"picked":"Astrolabe"}],"items_purged_floors":[4,22,38,46],"is_endless":false,"potions_floor_spawned":[10,14,16,18,23,35,37,39,42],"ascension_level":15}