{"gold_per_floor":[118,268,285,34,34,34,64,77,127,127,153,168,168,203,203,280,280,297,311,11,22,40,65,77,89,176,206,0,0,0,25,25,103,103,122,122,122,122,140,167,42,75,75,101,101,124,140,179,179,179],"floor_reached":51,"playtime":3008,"items_purged":["Doubt","Bite"],"score":1643,"play_id":"e99a7c5b-f77f-4304-be32-ea6bd070d482","local_time":"20230405192408","is_ascension_mode":true,"campfire_choices":[{"data":"Cloak And Dagger","floor":6.0,"key":"SMITH"},{"data":"Cloak And Dagger","floor":10.0,"key":"SMITH"},{"data":"Accuracy","floor":15.0,"key":"SMITH"},{"floor":25.0,"key":"REST"},{"data":"Envenom","floor":30.0,"key":"SMITH"},{"data":"After Image","floor":32.0,"key":"SMITH"},{"data":"1","floor":45,"key":"LIFT"},{"data":"2","floor":49,"key":"LIFT"}],"neow_cost":"NONE","seed_source_timestamp":173946421012600,"circlet_count":0,"master_deck":["AscendersBane","Defend_G","Defend_G","Defend_G","Defend_G","Defend_G","Survivor","Neutralize","Flying Knee","Noxious Fumes","Accuracy+1","Cloak And Dagger+1","Cloak And Dagger+1","Cloak And Dagger","Dagger Throw","Envenom+1","PiercingWail","Deflect+1","Cloak And Dagger+1","After Image+1","Acrobatics+1","Bite","Bite","Bite","PiercingWail+1","Leg Sweep+1","Blade Dance+1","Phantasmal Killer+1","Terror+1","Finesse+1","Blind+1","Expertise+1","Sucker Punch+1","Leg Sweep+1","Footwork","PiercingWail+1","Backflip+1"],"special_seed":0,"relics":["Ring of the Snake","Bronze Scales","Akabeko","Boot","Omamori","Pen Nib","Snake Skull","Philosopher\u0027s Stone","Toxic Egg 2","MawBank","Pear","MutagenicStrength","Meat on the Bone","Cursed Key","InkBottle","Girya","StrikeDummy","CeramicFish","Centennial Puzzle"],"potions_floor_usage":[50,50],"damage_taken":[{"damage":6.0,"enemies":"Jaw Worm","floor":1.0,"turns":5.0},{"damage":0.0,"enemies":"2 Louse","floor":3.0,"turns":2.0},{"damage":13.0,"enemies":"3 Sentries","floor":7.0,"turns":7.0},{"damage":0.0,"enemies":"Small Slimes","floor":8.0,"turns":3.0},{"damage":0.0,"enemies":"Gremlin Nob","floor":11.0,"turns":2.0},{"damage":0.0,"enemies":"2 Fungi Beasts","floor":12.0,"turns":3.0},{"damage":16.0,"enemies":"Lagavulin","floor":14.0,"turns":6.0},{"damage":0.0,"enemies":"Slime Boss","floor":16.0,"turns":7.0},{"damage":2.0,"enemies":"Spheric Guardian","floor":18.0,"turns":3.0},{"damage":0.0,"enemies":"3 Byrds","floor":19.0,"turns":3.0},{"damage":15.0,"enemies":"Centurion and Healer","floor":21.0,"turns":4.0},{"damage":2.0,"enemies":"Cultist and Chosen","floor":22.0,"turns":4.0},{"damage":16.0,"enemies":"Gremlin Leader","floor":23.0,"turns":6.0},{"damage":10.0,"enemies":"Snecko","floor":27.0,"turns":5.0},{"damage":6.0,"enemies":"Slavers","floor":31.0,"turns":4.0},{"damage":19.0,"enemies":"Automaton","floor":33.0,"turns":8.0},{"damage":0.0,"enemies":"3 Shapes","floor":35.0,"turns":5.0},{"damage":5,"enemies":"3 Darklings","floor":39,"turns":4},{"damage":8,"enemies":"Giant Head","floor":40,"turns":6},{"damage":3,"enemies":"Reptomancer","floor":42,"turns":6},{"damage":0,"enemies":"Giant Head","floor":44,"turns":6},{"damage":20,"enemies":"4 Shapes","floor":46,"turns":5},{"damage":15,"enemies":"Transient","floor":47,"turns":5},{"damage":0,"enemies":"Nemesis","floor":48,"turns":5},{"damage":37,"enemies":"Time Eater","floor":50,"turns":10}],"seed_played":"2360290048176005718","potions_obtained":[{"floor":7.0,"key":"BlessingOfTheForge"},{"floor":12.0,"key":"FearPotion"},{"floor":14.0,"key":"Energy Potion"},{"floor":21.0,"key":"Ancient Potion"},{"floor":31.0,"key":"Strength Potion"},{"floor":35.0,"key":"Regen Potion"},{"floor":40,"key":"BlessingOfTheForge"}],"is_trial":false,"path_per_floor":["M","?","M","$","?","R","E","M","T","R","E","M","?","E","R","B",null,"M","M","$","M","M","E","?","R","T","M","$","?","R","E","R","B",null,"M","?","?","?","M","E","$","E","T","E","R","M","M","E","R","B",null],"character_chosen":"THE_SILENT","basemod:card_modifiers":[null,null,null,null,null,null,null,null,null,null,null,null,null,null,null,null,null,null,null,null,null,null,null,null,null,null,null,null,null,null,null,null,null,null,null,null,null],"items_purchased":["Accuracy","Cloak And Dagger","AttackPotion","Toxic Egg 2","Deflect+1","Leg Sweep+1","Fire Potion","Leg Sweep+1","SteroidPotion"],"campfire_rested":1,"item_purchase_floors":[4,4,4,20,20,28,28,41,41],"current_hp_per_floor":[53,53,53,53,53,53,40,40,40,40,40,40,22,6,6,6,51,49,49,49,34,32,16,16,29,39,37,37,37,37,37,37,30,50,54,54,44,49,48,48,48,51,51,53,53,36,39,43,43,26],"gold":179,"neow_bonus":"RANDOM_COMMON_RELIC","is_prod":false,"is_daily":false,"chose_seed":false,"campfire_upgraded":5,"win_rate":0,"timestamp":1680747848,"path_taken":["M","?","M","$","?","R","E","M","T","R","E","M","?","E","R","BOSS","M","M","$","M","M","E","?","R","T","M","$","?","R","E","R","BOSS","M","?","?","?","?","E","$","E","T","E","R","M","M","E","R","BOSS"],"build_version":"2022-12-18","purchased_purges":2,"victory":true,"max_hp_per_floor":[66,66,66,66,66,66,66,66,66,66,66,66,66,66,66,66,66,66,66,66,66,66,66,46,46,56,56,56,56,56,56,56,56,56,56,56,56,56,56,56,56,56,56,56,56,56,56,56,56,56],"relic_stats":{"Girya":2,"counters":[25,124],"CeramicFish":18,"Pen Nib":[28],"Snake Skull":[199],"Omamori":1,"Boot":[79],"MawBank":60,"Cursed Key":1,"Centennial Puzzle":[3],"Bronze Scales":[249],"obtain_stats":[{"Girya":42,"Pear":26,"CeramicFish":44,"Pen Nib":13,"Snake Skull":14,"Omamori":11,"Boot":9,"MawBank":23,"Cursed Key":34,"Akabeko":7,"Centennial Puzzle":48,"Bronze Scales":0,"MutagenicStrength":29,"Philosopher\u0027s Stone":17,"Toxic Egg 2":20,"StrikeDummy":43,"InkBottle":40,"Ring of the Snake":0,"Meat on the Bone":31},{"Girya":20,"Pear":13,"CeramicFish":21,"Pen Nib":6,"Snake Skull":7,"Omamori":5,"Boot":4,"MawBank":13,"Cursed Key":16,"Akabeko":3,"Centennial Puzzle":24,"Bronze Scales":0,"MutagenicStrength":14,"Philosopher\u0027s Stone":8,"Toxic Egg 2":10,"StrikeDummy":20,"InkBottle":19,"Ring of the Snake":0,"Meat on the Bone":15},{"Girya":93,"Pear":55,"CeramicFish":99,"Pen Nib":22,"Snake Skull":28,"Omamori":19,"Boot":17,"MawBank":55,"Cursed Key":72,"Akabeko":14,"Centennial Puzzle":114,"Bronze Scales":0,"MutagenicStrength":60,"Philosopher\u0027s Stone":35,"Toxic Egg 2":41,"StrikeDummy":93,"InkBottle":87,"Ring of the Snake":0,"Meat on the Bone":64}],"InkBottle":[24],"Ring of the Snake":[50],"Meat on the Bone":24},"card_choices":[{"not_picked":["Tactician","Cloak And Dagger"],"picked":"Flying Knee","floor":1.0},{"not_picked":["Deadly Poison","Crippling Poison"],"picked":"Noxious Fumes","floor":3.0},{"not_picked":["Accuracy","Reflex"],"picked":"Cloak And Dagger","floor":7.0},{"not_picked":["Sucker Punch","Bane"],"picked":"Dagger Spray","floor":8.0},{"not_picked":["Die Die Die","Slice"],"picked":"Cloak And Dagger","floor":11.0},{"not_picked":["Dagger Spray","Poisoned Stab"],"picked":"Dagger Throw","floor":12.0},{"not_picked":["Infinite Blades","Distraction","Underhanded Strike"],"picked":"SKIP","floor":14.0},{"not_picked":["Venomology","Grand Finale"],"picked":"Envenom","floor":16.0},{"not_picked":["Endless Agony","Underhanded Strike","Prepared"],"picked":"SKIP","floor":18.0},{"not_picked":["All Out Attack","Outmaneuver"],"picked":"PiercingWail","floor":19.0},{"not_picked":["Sucker Punch","Slice"],"picked":"Cloak And Dagger+1","floor":21.0},{"not_picked":["Slice","Setup+1"],"picked":"After Image","floor":22.0},{"not_picked":["Prepared+1","Bouncing Flask+1"],"picked":"Acrobatics+1","floor":23.0},{"not_picked":["Dagger Spray","Masterful Stab"],"picked":"PiercingWail+1","floor":27.0},{"not_picked":["Predator+1","Reflex+1"],"picked":"Blade Dance+1","floor":31.0},{"not_picked":["Envenom","Die Die Die"],"picked":"Phantasmal Killer+1","floor":33.0},{"not_picked":["Quick Slash","Heel Hook+1"],"picked":"Terror+1","floor":35.0},{"not_picked":["Secret Weapon+1","Panacea+1"],"picked":"Finesse+1","floor":37},{"not_picked":["Good Instincts+1","Enlightenment+1"],"picked":"Blind+1","floor":37},{"not_picked":["Escape Plan+1","Tactician+1"],"picked":"Expertise+1","floor":39},{"not_picked":["Outmaneuver+1","Prepared+1"],"picked":"Sucker Punch+1","floor":40},{"not_picked":["Dagger Throw","Flying Knee"],"picked":"Footwork","floor":42},{"not_picked":["Tools of the Trade","Noxious Fumes","Poisoned Stab+1"],"picked":"SKIP","floor":44},{"not_picked":["Prepared+1","Skewer"],"picked":"PiercingWail+1","floor":46},{"not_picked":["Quick Slash","Choke","Underhanded Strike"],"picked":"SKIP","floor":47},{"not_picked":["Underhanded Strike","Cloak And Dagger+1"],"picked":"Backflip+1","floor":48}],"player_experience":5539089,"relics_obtained":[{"floor":7.0,"key":"Akabeko"},{"floor":9.0,"key":"Boot"},{"floor":11.0,"key":"Omamori"},{"floor":14.0,"key":"Snake Skull"},{"floor":23.0,"key":"MawBank"},{"floor":26.0,"key":"Pear"},{"floor":31.0,"key":"Meat on the Bone"},{"floor":40,"key":"InkBottle"},{"floor":42,"key":"Girya"},{"floor":43,"key":"StrikeDummy"},{"floor":44,"key":"CeramicFish"},{"floor":48,"key":"Centennial Puzzle"}],"event_choices":[{"damage_healed":0.0,"max_hp_gain":0.0,"max_hp_loss":0.0,"gold_gain":150.0,"event_name":"Liars Game","player_choice":"AGREE","floor":2.0,"gold_loss":0.0,"damage_taken":0.0,"cards_obtained":["Doubt"]},{"damage_healed":0.0,"max_hp_gain":0.0,"max_hp_loss":0.0,"gold_gain":0.0,"event_name":"Shining Light","player_choice":"Ignored","floor":5.0,"gold_loss":0.0,"damage_taken":0.0},{"damage_healed":0.0,"max_hp_gain":0.0,"max_hp_loss":0.0,"gold_gain":0.0,"event_name":"Scrap Ooze","player_choice":"Success","floor":13.0,"gold_loss":0.0,"damage_taken":18.0,"relics_obtained":["Pen Nib"]},{"damage_healed":0.0,"max_hp_gain":0.0,"max_hp_loss":20.0,"gold_gain":0.0,"event_name":"Vampires","player_choice":"Became a vampire","floor":24.0,"gold_loss":0.0,"damage_taken":0.0,"cards_obtained":["Bite","Bite","Bite","Bite","Bite"]},{"damage_healed":0.0,"max_hp_gain":0.0,"max_hp_loss":0.0,"gold_gain":0.0,"event_name":"Drug Dealer","player_choice":"Inject Mutagens","floor":29.0,"gold_loss":0.0,"damage_taken":0.0,"relics_obtained":["MutagenicStrength"]},{"cards_removed":["Dagger Spray"],"damage_healed":0.0,"max_hp_gain":0.0,"max_hp_loss":0.0,"gold_gain":0.0,"event_name":"Falling","player_choice":"Removed Attack","floor":36.0,"gold_loss":0.0,"damage_taken":0.0},{"damage_healed":0,"gold_gain":0,"player_choice":"Memory 3","damage_taken":10,"max_hp_gain":0,"max_hp_loss":0,"event_name":"SensoryStone","floor":37,"gold_loss":0},{"cards_removed":["Bite"],"damage_healed":5,"gold_gain":0,"player_choice":"Offered Special","damage_taken":0,"max_hp_gain":0,"max_hp_loss":0,"event_name":"Bonfire Elementals","floor":38,"gold_loss":0}],"is_beta":false,"boss_relics":[{"not_picked":["Busted Crown","Empty Cage"],"picked":"Philosopher\u0027s Stone"},{"not_picked":["Runic Pyramid","Runic Dome"],"picked":"Cursed Key"}],"items_purged_floors":[4,28],"is_endless":false,"potions_floor_spawned":[7,12,14,21,31,35,40,44,46],"ascension_level":15}