{"gold_per_floor":[17,17,29,29,48,48,84,98,166,2,2,40,40,53,53,152,152,167,167,180,68,83,83,107,140,164,188,213,244,244,263,263,362,362,382,682,430,430,72,72,108,122,122,122,163,163,177,177,177,177],"floor_reached":51,"playtime":2603,"items_purged":["Strike_G","Strike_G","Strike_G"],"score":1440,"play_id":"55cf8b2a-5396-4430-95e1-4978fca06d31","local_time":"20230411220556","is_ascension_mode":true,"campfire_choices":[{"data":"Neutralize","floor":6,"key":"SMITH"},{"data":"Deadly Poison","floor":13,"key":"SMITH"},{"data":"Bane","floor":15,"key":"SMITH"},{"data":"Noxious Fumes","floor":23,"key":"SMITH"},{"data":"Calculated Gamble","floor":30,"key":"SMITH"},{"data":"Wraith Form v2","floor":32,"key":"SMITH"},{"data":"Tactician","floor":40,"key":"SMITH"},{"data":"Catalyst","floor":44,"key":"SMITH"},{"data":"Well Laid Plans","floor":46,"key":"SMITH"},{"data":"Bouncing Flask","floor":49,"key":"SMITH"}],"neow_cost":"NO_GOLD","seed_source_timestamp":11845491711800,"circlet_count":0,"master_deck":["AscendersBane","Strike_G","Defend_G","Defend_G","Defend_G","Defend_G","Defend_G","Survivor","Neutralize+1","Bouncing Flask+1","Bane+1","Dagger Throw+1","Blade Dance","Deadly Poison+1","Dash+1","Backstab","Wraith Form v2+1","PiercingWail+1","Reflex+1","Noxious Fumes+1","Calculated Gamble+1","Acrobatics+1","Clumsy","Leg Sweep","Reflex+1","Blade Dance","After Image","Catalyst+1","Tactician+1","Backflip","Well Laid Plans+1","PiercingWail","Bouncing Flask+1"],"relics":["Ring of the Snake","FossilizedHelix","Golden Idol","The Specimen","Mummified Hand","Boot","Cursed Key","Kunai","Pen Nib","Omamori","SlaversCollar","Whetstone","Art of War","Meat on the Bone","Mango","Prayer Wheel"],"potions_floor_usage":[8,18,24,29,29,35,41,47,50,50,50],"damage_taken":[{"damage":0,"enemies":"Small Slimes","floor":1,"turns":4},{"damage":0,"enemies":"Jaw Worm","floor":3,"turns":3},{"damage":0,"enemies":"Cultist","floor":5,"turns":3},{"damage":7,"enemies":"Lagavulin","floor":7,"turns":8},{"damage":1,"enemies":"Gremlin Gang","floor":8,"turns":5},{"damage":0,"enemies":"Gremlin Nob","floor":12,"turns":3},{"damage":0,"enemies":"Exordium Wildlife","floor":14,"turns":3},{"damage":15,"enemies":"The Guardian","floor":16,"turns":8},{"damage":0,"enemies":"Chosen","floor":18,"turns":4},{"damage":2,"enemies":"Spheric Guardian","floor":20,"turns":4},{"damage":0,"enemies":"Snake Plant","floor":22,"turns":4},{"damage":0,"enemies":"Chosen and Byrds","floor":24,"turns":4},{"damage":5,"enemies":"Book of Stabbing","floor":25,"turns":4},{"damage":0,"enemies":"Snecko","floor":27,"turns":3},{"damage":0,"enemies":"Snake Plant","floor":28,"turns":4},{"damage":7,"enemies":"Slavers","floor":29,"turns":5},{"damage":0,"enemies":"Centurion and Healer","floor":31,"turns":5},{"damage":39,"enemies":"Collector","floor":33,"turns":9},{"damage":0,"enemies":"3 Darklings","floor":35,"turns":7},{"damage":14,"enemies":"Reptomancer","floor":41,"turns":5},{"damage":0,"enemies":"3 Shapes","floor":42,"turns":4},{"damage":0,"enemies":"Nemesis","floor":45,"turns":5},{"damage":1,"enemies":"Writhing Mass","floor":47,"turns":7},{"damage":16,"enemies":"Awakened One","floor":50,"turns":14}],"seed_played":"-8296370706398627611","potions_obtained":[{"floor":1,"key":"Energy Potion"},{"floor":8,"key":"GamblersBrew"},{"floor":12,"key":"SpeedPotion"},{"floor":14,"key":"ColorlessPotion"},{"floor":16,"key":"Regen Potion"},{"floor":22,"key":"SteroidPotion"},{"floor":25,"key":"Ancient Potion"},{"floor":29,"key":"EssenceOfSteel"},{"floor":42,"key":"Block Potion"}],"is_trial":false,"path_per_floor":["M","?","M","?","M","R","E","M","T","$","?","E","R","M","R","B",null,"M","?","M","$","M","R","M","E","T","M","M","E","R","M","R","B",null,"M","?","$","T","$","R","E","M","T","R","E","R","M","?","R","B",null],"character_chosen":"THE_SILENT","basemod:card_modifiers":[null,null,null,null,null,null,null,null,null,null,null,null,null,null,null,null,null,null,null,null,null,null,null,null,null,null,null,null,null,null,null,null,null],"items_purchased":["Deadly Poison","Dash","Noxious Fumes","Calculated Gamble","EntropicBrew","Dexterity Potion","Tactician","Art of War"],"campfire_rested":0,"item_purchase_floors":[10,10,21,21,37,37,39,39],"current_hp_per_floor":[59,59,59,36,36,36,29,28,28,28,33,33,33,33,33,18,58,58,58,56,56,56,56,70,65,65,65,65,58,58,58,58,19,58,58,58,58,58,58,58,44,44,58,58,58,58,57,57,57,41],"gold":177,"neow_bonus":"ONE_RARE_RELIC","is_prod":false,"is_daily":false,"chose_seed":false,"campfire_upgraded":10,"win_rate":0,"timestamp":1681275956,"path_taken":["M","?","M","?","M","R","E","M","T","?","?","E","R","M","R","BOSS","M","?","M","?","M","R","M","E","T","?","M","E","R","?","R","BOSS","M","?","$","?","$","R","E","M","T","R","E","R","M","?","R","BOSS"],"build_version":"2022-12-18","purchased_purges":3,"victory":true,"max_hp_per_floor":[66,66,66,66,66,66,66,66,66,66,71,71,71,71,71,71,71,71,71,71,71,71,71,71,71,71,71,71,71,71,71,71,71,71,71,71,71,71,71,71,71,71,85,85,85,85,85,81,81,81],"relic_stats":{"The Specimen":[131],"counters":[24,125],"Golden Idol":150,"Pen Nib":[17],"Omamori":2,"Whetstone":["Dagger Throw","Dash"],"Boot":[137],"Cursed Key":3,"Mummified Hand":[30],"Prayer Wheel":1,"Art of War":[8],"Kunai":[39],"obtain_stats":[{"The Specimen":7,"Golden Idol":4,"Mango":43,"Pen Nib":26,"Omamori":29,"Whetstone":38,"Boot":12,"Cursed Key":17,"SlaversCollar":34,"Mummified Hand":9,"Prayer Wheel":45,"Art of War":39,"Kunai":25,"FossilizedHelix":0,"Ring of the Snake":0,"Meat on the Bone":41},{"The Specimen":4,"Golden Idol":2,"Mango":21,"Pen Nib":13,"Omamori":16,"Whetstone":19,"Boot":6,"Cursed Key":8,"SlaversCollar":18,"Mummified Hand":5,"Prayer Wheel":22,"Art of War":19,"Kunai":13,"FossilizedHelix":0,"Ring of the Snake":0,"Meat on the Bone":20},{"The Specimen":18,"Golden Idol":7,"Mango":99,"Pen Nib":57,"Omamori":69,"Whetstone":90,"Boot":26,"Cursed Key":37,"SlaversCollar":83,"Mummified Hand":23,"Prayer Wheel":104,"Art of War":90,"Kunai":57,"FossilizedHelix":0,"Ring of the Snake":0,"Meat on the Bone":95}],"FossilizedHelix":[206],"Ring of the Snake":[48],"Meat on the Bone":0},"card_choices":[{"not_picked":["Slice","Deadly Poison"],"picked":"Bouncing Flask","floor":1},{"not_picked":["Envenom","Calculated Gamble"],"picked":"Bane","floor":3},{"not_picked":["Reflex","Heel Hook"],"picked":"Dagger Throw","floor":5},{"not_picked":["Bouncing Flask","Bane","Distraction"],"picked":"SKIP","floor":7},{"not_picked":["Calculated Gamble","Crippling Poison"],"picked":"Blade Dance","floor":8},{"not_picked":["Outmaneuver","Distraction","Deadly Poison"],"picked":"SKIP","floor":12},{"not_picked":["Quick Slash","Dagger Throw"],"picked":"Backstab","floor":14},{"not_picked":["Night Terror","Unload"],"picked":"Wraith Form v2","floor":16},{"not_picked":["Caltrops","Dodge and Roll+1"],"picked":"PiercingWail+1","floor":18},{"not_picked":["Eviscerate","Cloak And Dagger"],"picked":"Reflex+1","floor":20},{"not_picked":["Bane","Backstab","Poisoned Stab"],"picked":"SKIP","floor":22},{"not_picked":["Calculated Gamble","Distraction","Dagger Spray"],"picked":"SKIP","floor":24},{"not_picked":["Unload","Bane"],"picked":"Acrobatics+1","floor":25},{"not_picked":["Acrobatics","Concentrate"],"picked":"Leg Sweep","floor":27},{"not_picked":["Slice+1","Deadly Poison"],"picked":"Reflex+1","floor":28},{"not_picked":["Expertise","PiercingWail"],"picked":"Blade Dance","floor":29},{"not_picked":["Underhanded Strike","Setup","Flechettes"],"picked":"SKIP","floor":31},{"not_picked":["Glass Knife","Grand Finale"],"picked":"After Image","floor":33},{"not_picked":["Setup+1","Dagger Throw"],"picked":"Catalyst","floor":35},{"not_picked":["Sucker Punch+1","Reflex"],"picked":"Backflip","floor":41},{"not_picked":["Deadly Poison","Bouncing Flask"],"picked":"Well Laid Plans","floor":42},{"not_picked":["Finisher","Setup+1"],"picked":"PiercingWail","floor":45},{"not_picked":["Heel Hook","Slice"],"picked":"Bouncing Flask","floor":47},{"not_picked":["Finisher","Expertise","Dagger Spray"],"picked":"SKIP","floor":47}],"player_experience":5554025,"relics_obtained":[{"floor":7,"key":"The Specimen"},{"floor":9,"key":"Mummified Hand"},{"floor":12,"key":"Boot"},{"floor":25,"key":"Kunai"},{"floor":26,"key":"Pen Nib"},{"floor":29,"key":"Omamori"},{"floor":38,"key":"Whetstone"},{"floor":41,"key":"Meat on the Bone"},{"floor":43,"key":"Mango"},{"floor":45,"key":"Prayer Wheel"}],"event_choices":[{"damage_healed":0,"gold_gain":0,"player_choice":"Grow","damage_taken":0,"max_hp_gain":0,"max_hp_loss":0,"event_name":"Living Wall","floor":2,"gold_loss":0,"cards_upgraded":["Bouncing Flask"]},{"damage_healed":0,"gold_gain":0,"player_choice":"Take Damage","damage_taken":23,"relics_obtained":["Golden Idol"],"max_hp_gain":0,"max_hp_loss":0,"event_name":"Golden Idol","floor":4,"gold_loss":0},{"damage_healed":0,"gold_gain":0,"player_choice":"Donut","damage_taken":0,"max_hp_gain":5,"max_hp_loss":0,"event_name":"Big Fish","floor":11,"gold_loss":0},{"cards_removed":["Strike_G"],"damage_healed":0,"gold_gain":0,"player_choice":"Offered Basic","damage_taken":0,"max_hp_gain":0,"max_hp_loss":0,"event_name":"Bonfire Elementals","floor":19,"gold_loss":0},{"damage_healed":0,"gold_gain":300,"player_choice":"Gold","damage_taken":0,"max_hp_gain":0,"max_hp_loss":0,"event_name":"Wheel of Change","floor":36,"gold_loss":0},{"damage_healed":0,"gold_gain":0,"player_choice":"Max HP","damage_taken":0,"max_hp_gain":0,"max_hp_loss":4,"event_name":"Winding Halls","floor":48,"gold_loss":0}],"is_beta":false,"boss_relics":[{"not_picked":["Runic Pyramid","Sozu"],"picked":"Cursed Key"},{"not_picked":["Coffee Dripper","Ring of the Serpent"],"picked":"SlaversCollar"}],"items_purged_floors":[10,37,39],"is_endless":false,"potions_floor_spawned":[1,8,12,14,16,22,25,27,29,42],"ascension_level":15}