{"gold_per_floor":[17,34,34,44,44,75,75,106,151,29,29,29,48,82,82,160,160,170,18,30,45,57,90,90,103,103,103,103,136,148,183,183,257,257,270,270,57,68,3,36,50,50,131,156,156,33,59,78,78,78],"floor_reached":51,"playtime":1968,"items_purged":["Strike_G","Strike_G"],"score":1489,"play_id":"a59f96cc-050c-4294-9613-dce7f0108d39","local_time":"20230416194451","is_ascension_mode":true,"campfire_choices":[{"floor":7.0,"key":"REST"},{"floor":12.0,"key":"REST"},{"data":"Terror","floor":15.0,"key":"SMITH"},{"data":"Venomology","floor":28,"key":"SMITH"},{"data":"Footwork","floor":32,"key":"SMITH"},{"data":"Phantasmal Killer","floor":42,"key":"SMITH"},{"data":"Venomology","floor":45,"key":"SMITH"},{"data":"Reflex","floor":49,"key":"SMITH"}],"neow_cost":"NO_GOLD","seed_source_timestamp":82738347726600,"circlet_count":0,"master_deck":["AscendersBane","Strike_G+1","Strike_G+1","Defend_G","Defend_G","Defend_G","Defend_G","Survivor","Neutralize+1","Slice","Flying Knee","PiercingWail+1","Glass Knife+1","Riddle With Holes+1","Dagger Spray+1","Dash+1","Calculated Gamble+1","Terror+1","Venomology+1","Acrobatics","Backstab+1","Underhanded Strike+1","Backflip","Footwork+1","Reflex+1","Sucker Punch+1","Tactician+1","Blade Dance+1","Quick Slash+1","Venomology+1","Bandage Up","Good Instincts","Dagger Throw+1","Phantasmal Killer+1","Acrobatics","Finisher+1"],"special_seed":0,"relics":["Ring of the Snake","Molten Egg 2","Oddly Smooth Stone","Anchor","Incense Burner","Black Star","Juzu Bracelet","Darkstone Periapt","Pear","The Courier","Nunchaku","Ice Cream","War Paint","SacredBark","FossilizedHelix","Shovel","Mercury Hourglass","Eternal Feather","MealTicket","Kunai","Bottled Lightning"],"potions_floor_usage":[29,29,31,31,33,35,38,38,40,40,47,47,48,50,50,50],"damage_taken":[{"damage":3.0,"enemies":"Jaw Worm","floor":1.0,"turns":5.0},{"damage":0.0,"enemies":"2 Louse","floor":2.0,"turns":3.0},{"damage":0.0,"enemies":"Cultist","floor":4.0,"turns":3.0},{"damage":30.0,"enemies":"Gremlin Nob","floor":6.0,"turns":5.0},{"damage":10.0,"enemies":"3 Sentries","floor":8.0,"turns":8.0},{"damage":0.0,"enemies":"Red Slaver","floor":13.0,"turns":2.0},{"damage":0.0,"enemies":"Gremlin Nob","floor":14.0,"turns":2.0},{"damage":19.0,"enemies":"The Guardian","floor":16.0,"turns":7.0},{"damage":7.0,"enemies":"Spheric Guardian","floor":18.0,"turns":3.0},{"damage":0.0,"enemies":"2 Thieves","floor":20.0,"turns":4.0},{"damage":16.0,"enemies":"3 Cultists","floor":21.0,"turns":5.0},{"damage":13.0,"enemies":"Snecko","floor":22.0,"turns":4.0},{"damage":8.0,"enemies":"Book of Stabbing","floor":23.0,"turns":5.0},{"damage":0.0,"enemies":"Chosen and Byrds","floor":25.0,"turns":6.0},{"damage":10,"enemies":"Slavers","floor":29,"turns":6},{"damage":0,"enemies":"Shelled Parasite and Fungi","floor":30,"turns":3},{"damage":0,"enemies":"Book of Stabbing","floor":31,"turns":4},{"damage":81,"enemies":"Automaton","floor":33,"turns":9},{"damage":0,"enemies":"Orb Walker","floor":35,"turns":2},{"damage":16,"enemies":"3 Darklings","floor":38,"turns":5},{"damage":0,"enemies":"Reptomancer","floor":40,"turns":6},{"damage":0,"enemies":"4 Shapes","floor":41,"turns":4},{"damage":3,"enemies":"Nemesis","floor":47,"turns":7},{"damage":0,"enemies":"Maw","floor":48,"turns":6},{"damage":2,"enemies":"Awakened One","floor":50,"turns":6}],"seed_played":"-1632263546512747951","potions_obtained":[{"floor":6.0,"key":"Ancient Potion"},{"floor":8.0,"key":"SkillPotion"},{"floor":14.0,"key":"EssenceOfSteel"},{"floor":16.0,"key":"PowerPotion"},{"floor":21.0,"key":"AttackPotion"},{"floor":23.0,"key":"PowerPotion"},{"floor":31,"key":"SteroidPotion"},{"floor":36,"key":"CultistPotion"}],"is_trial":false,"path_per_floor":["M","M","?","M","?","E","R","E","T","$","?","R","M","E","R","B",null,"M","$","M","M","M","E","$","M","T","?","R","E","M","E","R","B",null,"M","?","$","M","?","E","M","R","T","T","R","$","E","M","R","B",null],"character_chosen":"THE_SILENT","basemod:card_modifiers":[null,null,null,null,null,null,null,null,null,null,null,null,null,null,null,null,null,null,null,null,null,null,null,null,null,null,null,null,null,null,null,null,null,null,null,null],"items_purchased":["Dagger Spray+1","Dash+1","Backstab+1","Bandage Up","Good Instincts","Acrobatics","Dexterity Potion","Finisher+1"],"campfire_rested":2,"item_purchase_floors":[10,10,19,37,37,46,46,46],"current_hp_per_floor":[56,56,56,56,36,6,25,15,15,15,15,34,34,34,34,15,53,46,46,46,30,17,9,9,9,19,34,34,39,39,39,39,2,58,58,58,58,46,46,50,50,50,50,50,68,76,73,73,76,74],"gold":78,"neow_bonus":"REMOVE_TWO","is_prod":false,"is_daily":false,"chose_seed":false,"campfire_upgraded":6,"win_rate":0,"timestamp":1681699491,"path_taken":["M","M","?","M","?","E","R","E","T","$","?","R","M","E","R","BOSS","M","$","M","?","M","E","?","M","T","?","R","E","M","E","R","BOSS","M","?","$","M","?","E","M","R","T","?","R","?","E","M","R","BOSS"],"build_version":"2022-12-18","purchased_purges":2,"victory":true,"max_hp_per_floor":[66,66,66,66,66,66,66,66,66,66,66,66,66,66,66,66,66,66,66,66,66,66,66,66,66,76,76,76,76,76,76,76,76,76,76,76,76,76,76,76,76,76,76,76,76,76,76,76,76,76],"relic_stats":{"Darkstone Periapt":0,"Ice Cream":[45],"counters":[25,119],"Eternal Feather":21,"The Courier":84,"Juzu Bracelet":1,"War Paint":["Calculated Gamble","Blade Dance"],"Mercury Hourglass":[91],"Nunchaku":[16],"Shovel":0,"MealTicket":8,"Black Star":5,"Kunai":[9],"Bottled Lightning":"Venomology","obtain_stats":[{"Darkstone Periapt":23,"Ice Cream":31,"Pear":26,"SacredBark":34,"Oddly Smooth Stone":8,"Eternal Feather":43,"The Courier":29,"Incense Burner":14,"Juzu Bracelet":23,"War Paint":31,"Mercury Hourglass":40,"Anchor":9,"Nunchaku":29,"Shovel":40,"Molten Egg 2":6,"MealTicket":44,"Black Star":17,"Kunai":47,"Bottled Lightning":47,"FossilizedHelix":39,"Ring of the Snake":0},{"Darkstone Periapt":13,"Ice Cream":17,"Pear":14,"SacredBark":18,"Oddly Smooth Stone":5,"Eternal Feather":22,"The Courier":15,"Incense Burner":7,"Juzu Bracelet":13,"War Paint":17,"Mercury Hourglass":21,"Anchor":5,"Nunchaku":15,"Shovel":21,"Molten Egg 2":4,"MealTicket":22,"Black Star":8,"Kunai":23,"Bottled Lightning":23,"FossilizedHelix":20,"Ring of the Snake":0},{"Darkstone Periapt":56,"Ice Cream":75,"Pear":62,"SacredBark":84,"Oddly Smooth Stone":24,"Eternal Feather":100,"The Courier":68,"Incense Burner":28,"Juzu Bracelet":56,"War Paint":75,"Mercury Hourglass":97,"Anchor":24,"Nunchaku":68,"Shovel":97,"Molten Egg 2":16,"MealTicket":100,"Black Star":35,"Kunai":107,"Bottled Lightning":107,"FossilizedHelix":91,"Ring of the Snake":0}],"FossilizedHelix":[51],"Ring of the Snake":[50]},"card_choices":[{"not_picked":["Backflip","Cloak And Dagger"],"picked":"Slice","floor":1.0},{"not_picked":["Choke","Deflect"],"picked":"Flying Knee","floor":2.0},{"not_picked":["Backflip","Concentrate"],"picked":"PiercingWail","floor":4.0},{"not_picked":["Choke+1","Well Laid Plans"],"picked":"Glass Knife+1","floor":6.0},{"not_picked":["Endless Agony+1","Doppelganger"],"picked":"Riddle With Holes+1","floor":8.0},{"not_picked":["Crippling Poison","Dodge and Roll"],"picked":"Calculated Gamble","floor":13.0},{"not_picked":["Outmaneuver","Tactician"],"picked":"Terror","floor":14.0},{"not_picked":["Storm of Steel","Wraith Form v2"],"picked":"Venomology","floor":16.0},{"not_picked":["Deflect","Dodge and Roll"],"picked":"Acrobatics","floor":18.0},{"not_picked":["Poisoned Stab+1","Outmaneuver"],"picked":"Underhanded Strike+1","floor":20.0},{"not_picked":["Masterful Stab+1","Deflect"],"picked":"Backflip","floor":21.0},{"not_picked":["Finisher+1","Dagger Throw+1"],"picked":"Footwork","floor":22.0},{"not_picked":["Dagger Spray+1","Slice+1"],"picked":"Reflex","floor":23.0},{"not_picked":["Venomology","PiercingWail"],"picked":"Sucker Punch+1","floor":25.0},{"not_picked":["Poisoned Stab+1","Dagger Throw+1"],"picked":"Tactician+1","floor":29},{"not_picked":["Deflect","Bane+1"],"picked":"Blade Dance","floor":30},{"not_picked":["Dagger Spray+1","PiercingWail"],"picked":"Quick Slash+1","floor":31},{"not_picked":["Bullet Time","Unload+1"],"picked":"Venomology","floor":33},{"not_picked":["Sucker Punch+1","Cloak And Dagger","Dodge and Roll"],"picked":"SKIP","floor":35},{"not_picked":["Expertise","Backflip"],"picked":"Dagger Throw+1","floor":38},{"not_picked":["Expertise+1","All Out Attack+1","Dash+1"],"picked":"SKIP","floor":40},{"not_picked":["Finisher+1","Deadly Poison"],"picked":"Phantasmal Killer","floor":41},{"not_picked":["Accuracy+1","PiercingWail","Unload+1"],"picked":"SKIP","floor":47},{"not_picked":["Deadly Poison+1","Bane+1","Deflect"],"picked":"SKIP","floor":48}],"player_experience":5560867,"relics_obtained":[{"floor":6.0,"key":"Molten Egg 2"},{"floor":8.0,"key":"Oddly Smooth Stone"},{"floor":9.0,"key":"Anchor"},{"floor":14.0,"key":"Incense Burner"},{"floor":23.0,"key":"Juzu Bracelet"},{"floor":23.0,"key":"Darkstone Periapt"},{"floor":26.0,"key":"Pear"},{"floor":29,"key":"The Courier"},{"floor":29,"key":"Nunchaku"},{"floor":31,"key":"Ice Cream"},{"floor":31,"key":"War Paint"},{"floor":40,"key":"Shovel"},{"floor":40,"key":"Mercury Hourglass"},{"floor":43,"key":"Eternal Feather"},{"floor":44,"key":"MealTicket"},{"floor":47,"key":"Kunai"},{"floor":47,"key":"Bottled Lightning"}],"event_choices":[{"damage_healed":0.0,"max_hp_gain":0.0,"max_hp_loss":0.0,"gold_gain":0.0,"event_name":"Living Wall","player_choice":"Grow","floor":3.0,"gold_loss":0.0,"damage_taken":0.0,"cards_upgraded":["Neutralize"]},{"damage_healed":0.0,"max_hp_gain":0.0,"max_hp_loss":0.0,"gold_gain":0.0,"event_name":"Shining Light","player_choice":"Entered Light","floor":5.0,"gold_loss":0.0,"damage_taken":20.0,"cards_upgraded":["Strike_G","Strike_G"]},{"damage_healed":0.0,"max_hp_gain":0.0,"max_hp_loss":0.0,"gold_gain":0.0,"event_name":"Accursed Blacksmith","player_choice":"Forge","floor":11.0,"gold_loss":0.0,"damage_taken":0.0,"cards_upgraded":["PiercingWail"]},{"damage_healed":15,"gold_gain":0,"player_choice":"Heal","damage_taken":0,"max_hp_gain":0,"max_hp_loss":0,"event_name":"The Library","floor":27,"gold_loss":0},{"damage_healed":0,"gold_gain":0,"player_choice":"Got Potions","damage_taken":0,"max_hp_gain":0,"max_hp_loss":0,"event_name":"Lab","floor":36,"gold_loss":0},{"damage_healed":0,"gold_gain":0,"player_choice":"Paid Gold","damage_taken":0,"relics_obtained":["FossilizedHelix"],"max_hp_gain":0,"max_hp_loss":0,"event_name":"WeMeetAgain","floor":39,"gold_loss":65}],"is_beta":false,"boss_relics":[{"not_picked":["Ring of the Serpent","Tiny House"],"picked":"Black Star"},{"not_picked":["Fusion Hammer","Snecko Eye"],"picked":"SacredBark"}],"items_purged_floors":[19,37],"is_endless":false,"potions_floor_spawned":[6,8,14,16,21,23,31,38,40,48],"ascension_level":15}