{"gold_per_floor":[116,128,53,67,77,77,112,123,123,123,141,141,141,171,171,248,248,259,39,59,59,73,73,144,32,105,116,116,116,129,129,129,201,201,211,211,75,95,109,141,141,167,219,252,252,269,295,45,45,45],"floor_reached":51,"playtime":2137,"items_purged":["Strike_G","Strike_G","Strike_G"],"score":1450,"play_id":"c0b03666-3728-4cb6-ae28-40d9c8e07750","local_time":"20230420211047","is_ascension_mode":true,"campfire_choices":[{"data":"Neutralize","floor":6.0,"key":"SMITH"},{"data":"Blade Dance","floor":12,"key":"SMITH"},{"data":"1","floor":15,"key":"LIFT"},{"data":"A Thousand Cuts","floor":23,"key":"SMITH"},{"data":"2","floor":28,"key":"LIFT"},{"floor":32,"key":"REST"},{"data":"3","floor":41,"key":"LIFT"},{"data":"Calculated Gamble","floor":49,"key":"SMITH"}],"neow_cost":"NONE","seed_source_timestamp":96975328557500,"circlet_count":0,"master_deck":["AscendersBane","Strike_G","Defend_G+1","Defend_G","Defend_G","Defend_G","Defend_G","Survivor","Neutralize+1","Flying Knee","Blade Dance+1","Flying Knee","Backflip","Terror+1","PiercingWail","Cloak And Dagger","Blade Dance","A Thousand Cuts+1","Dagger Throw","Adrenaline","Good Instincts","Blur","Malaise+1","Good Instincts","Leg Sweep","Footwork+1","Dodge and Roll","Flechettes","Calculated Gamble+1"],"special_seed":0,"relics":["Ring of the Snake","Blue Candle","Ginger","The Courier","Girya","Runic Pyramid","TheAbacus","Kunai","Bottled Tornado","HornCleat","Coffee Dripper","TungstenRod","Letter Opener","Art of War","Question Card","War Paint"],"potions_floor_usage":[18,22,30,48,50,50],"damage_taken":[{"damage":0.0,"enemies":"2 Louse","floor":1.0,"turns":3.0},{"damage":5.0,"enemies":"Jaw Worm","floor":2.0,"turns":4.0},{"damage":0.0,"enemies":"Small Slimes","floor":4.0,"turns":3.0},{"damage":0.0,"enemies":"Exordium Thugs","floor":5.0,"turns":5.0},{"damage":22.0,"enemies":"3 Sentries","floor":7.0,"turns":10.0},{"damage":0.0,"enemies":"Looter","floor":8.0,"turns":3.0},{"damage":4,"enemies":"Blue Slaver","floor":11,"turns":3},{"damage":8,"enemies":"Lagavulin","floor":14,"turns":8},{"damage":16,"enemies":"Slime Boss","floor":16,"turns":8},{"damage":10,"enemies":"Spheric Guardian","floor":18,"turns":4},{"damage":1,"enemies":"Shell Parasite","floor":20,"turns":5},{"damage":12,"enemies":"Sentry and Sphere","floor":22,"turns":5},{"damage":0,"enemies":"Cultist and Chosen","floor":27,"turns":3},{"damage":1,"enemies":"Snecko","floor":30,"turns":4},{"damage":12,"enemies":"Collector","floor":33,"turns":7},{"damage":0,"enemies":"3 Shapes","floor":35,"turns":2},{"damage":0,"enemies":"Orb Walker","floor":38,"turns":3},{"damage":0,"enemies":"Maw","floor":39,"turns":7},{"damage":0,"enemies":"Giant Head","floor":40,"turns":9},{"damage":0,"enemies":"Reptomancer","floor":42,"turns":6},{"damage":0,"enemies":"Nemesis","floor":44,"turns":7},{"damage":0,"enemies":"Sphere and 2 Shapes","floor":46,"turns":3},{"damage":8,"enemies":"Reptomancer","floor":47,"turns":5},{"damage":29,"enemies":"Time Eater","floor":50,"turns":8}],"seed_played":"-1295583193221930340","potions_obtained":[{"floor":2.0,"key":"FearPotion"},{"floor":7.0,"key":"SmokeBomb"},{"floor":14,"key":"LiquidBronze"},{"floor":16,"key":"PowerPotion"},{"floor":33,"key":"SneckoOil"},{"floor":35,"key":"DistilledChaos"},{"floor":47,"key":"EntropicBrew"}],"is_trial":false,"path_per_floor":["M","M","?","M","M","R","E","M","T","?","M","R","?","E","R","B",null,"M","$","M","?","M","R","T","$","T","M","R","?","M","T","R","B",null,"M","?","$","M","M","E","R","E","T","E","?","M","E","$","R","B",null],"character_chosen":"THE_SILENT","basemod:card_modifiers":[null,null,null,null,null,null,null,null,null,null,null,null,null,null,null,null,null,null,null,null,null,null,null,null,null,null,null,null,null],"items_purchased":["BlessingOfTheForge","TheAbacus","Good Instincts","AttackPotion","Leg Sweep","Fruit Juice","Strength Potion","Calculated Gamble"],"campfire_rested":1,"item_purchase_floors":[19,19,25,25,37,48,48,48],"current_hp_per_floor":[65,60,60,60,60,60,38,38,38,38,34,34,29,21,21,5,55,45,45,44,44,32,32,32,32,32,32,32,32,31,31,52,40,64,64,64,64,64,64,64,64,64,64,64,64,64,56,61,61,32],"gold":45,"neow_bonus":"TEN_PERCENT_HP_BONUS","is_prod":false,"is_daily":false,"chose_seed":false,"campfire_upgraded":4,"win_rate":0,"timestamp":1682050247,"path_taken":["M","M","?","M","M","R","E","M","T","?","M","R","?","E","R","BOSS","M","$","M","?","?","R","?","?","T","M","R","?","M","?","R","BOSS","M","?","$","M","M","E","R","E","T","E","?","M","E","$","R","BOSS"],"build_version":"2022-12-18","purchased_purges":3,"victory":true,"max_hp_per_floor":[72,72,72,72,72,72,72,72,72,72,72,72,72,72,72,72,72,72,72,72,72,72,72,72,72,72,72,72,72,72,72,72,72,72,72,72,72,72,72,72,72,72,72,72,68,68,68,73,73,73],"relic_stats":{"Girya":3,"counters":[24,125],"Blue Candle":[0],"The Courier":180,"Ginger":[10],"Letter Opener":[61],"Bottled Tornado":"A Thousand Cuts","War Paint":["Malaise","Defend_G"],"Question Card":2,"TheAbacus":[72],"Art of War":[6],"Kunai":[49],"obtain_stats":[{"Girya":14,"Blue Candle":7,"The Courier":13,"Ginger":9,"Letter Opener":42,"Bottled Tornado":26,"War Paint":47,"Question Card":44,"TheAbacus":19,"HornCleat":31,"Coffee Dripper":34,"Art of War":43,"Kunai":24,"TungstenRod":40,"Ring of the Snake":0,"Runic Pyramid":17},{"Girya":8,"Blue Candle":5,"The Courier":7,"Ginger":6,"Letter Opener":20,"Bottled Tornado":12,"War Paint":23,"Question Card":21,"TheAbacus":10,"HornCleat":14,"Coffee Dripper":15,"Art of War":20,"Kunai":12,"TungstenRod":19,"Ring of the Snake":0,"Runic Pyramid":9},{"Girya":39,"Blue Candle":25,"The Courier":31,"Ginger":28,"Letter Opener":102,"Bottled Tornado":61,"War Paint":117,"Question Card":109,"TheAbacus":51,"HornCleat":68,"Coffee Dripper":75,"Art of War":102,"Kunai":61,"TungstenRod":96,"Ring of the Snake":0,"Runic Pyramid":47}],"TungstenRod":5,"Ring of the Snake":[48]},"card_choices":[{"not_picked":["Poisoned Stab","Backflip"],"picked":"Flying Knee","floor":1.0},{"not_picked":["Expertise","Acrobatics"],"picked":"Blade Dance","floor":2.0},{"not_picked":["Acrobatics","Cloak And Dagger"],"picked":"Flying Knee","floor":4.0},{"not_picked":["Quick Slash","Finisher"],"picked":"Backflip","floor":5.0},{"not_picked":["Bane","Backstab"],"picked":"Terror","floor":7.0},{"not_picked":["Outmaneuver","Crippling Poison"],"picked":"PiercingWail","floor":8.0},{"not_picked":["Outmaneuver","Storm of Steel"],"picked":"Cloak And Dagger","floor":11},{"not_picked":["Blur","Expertise"],"picked":"Blade Dance","floor":14},{"not_picked":["Adrenaline","Unload"],"picked":"A Thousand Cuts","floor":16},{"not_picked":["Bane","Flying Knee","Deadly Poison"],"picked":"SKIP","floor":18},{"not_picked":["Acrobatics","Deadly Poison"],"picked":"Dagger Throw","floor":20},{"not_picked":["Choke","Backflip","Dodge and Roll"],"picked":"SKIP","floor":22},{"not_picked":["Cloak And Dagger","PiercingWail"],"picked":"Blur","floor":27},{"not_picked":["Underhanded Strike+1","PiercingWail","Bane+1"],"picked":"SKIP","floor":30},{"not_picked":["Night Terror","Burst"],"picked":"Malaise","floor":33},{"not_picked":["Slice","All Out Attack","Flying Knee+1"],"picked":"SKIP","floor":35},{"not_picked":["PanicButton","Swift Strike"],"picked":"Good Instincts","floor":36},{"not_picked":["Poisoned Stab","Eviscerate"],"picked":"Footwork+1","floor":38},{"not_picked":["Backstab","Dagger Spray+1"],"picked":"Dodge and Roll","floor":39},{"not_picked":["Deflect","Infinite Blades","Dagger Throw"],"picked":"SKIP","floor":40},{"not_picked":["Dagger Spray","Bane+1","Grand Finale"],"picked":"SKIP","floor":42},{"not_picked":["Deflect","Poisoned Stab","Backflip"],"picked":"SKIP","floor":44},{"not_picked":["Outmaneuver","Glass Knife","Bouncing Flask+1","Choke"],"picked":"SKIP","floor":46},{"not_picked":["Poisoned Stab","Quick Slash","Backflip"],"picked":"Flechettes","floor":47}],"player_experience":5567344,"relics_obtained":[{"floor":7.0,"key":"Blue Candle"},{"floor":9.0,"key":"Ginger"},{"floor":14,"key":"Girya"},{"floor":24,"key":"Kunai"},{"floor":26,"key":"Bottled Tornado"},{"floor":31,"key":"HornCleat"},{"floor":40,"key":"TungstenRod"},{"floor":42,"key":"Letter Opener"},{"floor":43,"key":"Art of War"},{"floor":44,"key":"Question Card"},{"floor":47,"key":"War Paint"}],"event_choices":[{"cards_removed":["Strike_G"],"damage_healed":0.0,"max_hp_gain":0.0,"max_hp_loss":0.0,"gold_gain":0.0,"event_name":"The Cleric","player_choice":"Card Removal","floor":3.0,"gold_loss":75.0,"damage_taken":0.0},{"damage_healed":0,"gold_gain":0,"player_choice":"Grow","damage_taken":0,"max_hp_gain":0,"max_hp_loss":0,"event_name":"Living Wall","floor":10,"gold_loss":0,"cards_upgraded":["Terror"]},{"damage_healed":0,"gold_gain":0,"player_choice":"Success","damage_taken":5,"relics_obtained":["The Courier"],"max_hp_gain":0,"max_hp_loss":0,"event_name":"Scrap Ooze","floor":13,"gold_loss":0},{"damage_healed":0,"gold_gain":0,"player_choice":"1 cards matched","damage_taken":0,"max_hp_gain":0,"max_hp_loss":0,"event_name":"Match and Keep!","floor":21,"gold_loss":0,"cards_obtained":["Adrenaline"]},{"damage_healed":0,"gold_gain":0,"player_choice":"Ignored","damage_taken":0,"max_hp_gain":0,"max_hp_loss":0,"event_name":"The Mausoleum","floor":29,"gold_loss":0},{"damage_healed":0,"gold_gain":0,"player_choice":"Memory 1","damage_taken":0,"max_hp_gain":0,"max_hp_loss":0,"event_name":"SensoryStone","floor":36,"gold_loss":0},{"damage_healed":0,"gold_gain":0,"player_choice":"Max HP","damage_taken":0,"max_hp_gain":0,"max_hp_loss":4,"event_name":"Winding Halls","floor":45,"gold_loss":0}],"is_beta":false,"boss_relics":[{"not_picked":["Busted Crown","Empty Cage"],"picked":"Runic Pyramid"},{"not_picked":["Cursed Key","Tiny House"],"picked":"Coffee Dripper"}],"items_purged_floors":[19,37,48],"is_endless":false,"potions_floor_spawned":[2,7,14,16,20,27,33,35,39,42,47],"ascension_level":15}