{"gold_per_floor":[366,316,386,397,414,414,442,458,506,524,305,336,336,368,368,445,445,458,458,470,370,420,449,449,449,449,449,462,474,502,527,527,615,615,639,659,659,312,587,587,606,640,640,654,504,504,538,74,74,74],"floor_reached":51,"playtime":2039,"items_purged":["Strike_G","Strike_G","Strike_G+1","Strike_G+1","Cloak And Dagger"],"score":1635,"play_id":"91bf907a-26e3-46ee-a3b1-eed12173ad18","local_time":"20230507174005","is_ascension_mode":true,"campfire_choices":[{"data":"Neutralize","floor":6,"key":"SMITH"},{"data":"Blade Dance","floor":15,"key":"SMITH"},{"data":"Blade Dance","floor":24,"key":"SMITH"},{"data":"Burst","floor":27,"key":"SMITH"},{"data":"Blade Dance","floor":32,"key":"SMITH"},{"data":"Accuracy","floor":40,"key":"SMITH"},{"data":"Finisher","floor":46,"key":"SMITH"},{"data":"Phantasmal Killer","floor":49,"key":"SMITH"}],"neow_cost":"TEN_PERCENT_HP_LOSS","seed_source_timestamp":123812385557800,"circlet_count":0,"master_deck":["AscendersBane","Defend_G+1","Defend_G+1","Defend_G+1","Defend_G+1","Defend_G+1","Survivor","Neutralize+1","Footwork","Blade Dance+1","Blade Dance+1","Leg Sweep","Corpse Explosion","Deflect","Blade Dance+1","Burst+1","Blur","Blade Dance+1","Caltrops+1","Phantasmal Killer+1","PiercingWail+1","Finisher+1","Accuracy+1","Cloak And Dagger+1","Blur"],"special_seed":0,"relics":["Ring of the Snake","Ninja Scroll","Bag of Marbles","Centennial Puzzle","Oddly Smooth Stone","Kunai","Matryoshka","Sozu","Omamori","Vajra","CeramicFish","Dream Catcher","Singing Bowl","Unceasing Top","Black Star","Sling","Pear","Molten Egg 2","Happy Flower","Toy Ornithopter","Strawberry","Shuriken"],"potions_floor_usage":[7,14,50,50],"damage_taken":[{"damage":2.0,"enemies":"Cultist","floor":1.0,"turns":4.0},{"damage":1,"enemies":"2 Louse","floor":4,"turns":3},{"damage":0,"enemies":"Small Slimes","floor":5,"turns":3},{"damage":7,"enemies":"3 Sentries","floor":7,"turns":7},{"damage":0,"enemies":"Gremlin Gang","floor":8,"turns":4},{"damage":1,"enemies":"Large Slime","floor":10,"turns":7},{"damage":3,"enemies":"Lagavulin","floor":12,"turns":8},{"damage":0,"enemies":"3 Sentries","floor":14,"turns":4},{"damage":0,"enemies":"The Guardian","floor":16,"turns":15},{"damage":0,"enemies":"Shell Parasite","floor":18,"turns":1},{"damage":0,"enemies":"3 Byrds","floor":20,"turns":1},{"damage":0,"enemies":"Gremlin Leader","floor":23,"turns":5},{"damage":13,"enemies":"Cultist and Chosen","floor":28,"turns":7},{"damage":0,"enemies":"Snake Plant","floor":29,"turns":5},{"damage":4,"enemies":"Book of Stabbing","floor":30,"turns":4},{"damage":0,"enemies":"Sentry and Sphere","floor":31,"turns":3},{"damage":10,"enemies":"Champ","floor":33,"turns":13},{"damage":0,"enemies":"Orb Walker","floor":35,"turns":2},{"damage":0,"enemies":"3 Darklings","floor":36,"turns":2},{"damage":0,"enemies":"Spire Growth","floor":41,"turns":2},{"damage":19,"enemies":"Reptomancer","floor":42,"turns":4},{"damage":0,"enemies":"Maw","floor":44,"turns":4},{"damage":0,"enemies":"Nemesis","floor":47,"turns":3},{"damage":7,"enemies":"Time Eater","floor":50,"turns":11}],"seed_played":"-7717677091365088121","potions_obtained":[{"floor":7,"key":"Energy Potion"},{"floor":10,"key":"PowerPotion"},{"floor":14,"key":"Regen Potion"}],"is_trial":false,"path_per_floor":["M","$","T","M","M","R","E","M","T","M","$","E","?","E","R","B",null,"M","?","M","$","T","E","R","?","T","R","M","M","E","M","R","B",null,"M","M","?","$","?","R","M","E","T","M","$","R","E","$","R","B",null],"character_chosen":"THE_SILENT","basemod:card_modifiers":[null,null,null,null,null,null,null,null,null,null,null,null,null,null,null,null,null,null,null,null,null,null,null,null,null],"items_purchased":["Strength Potion","Oddly Smooth Stone","Accuracy","Sling","Shuriken","Blur"],"campfire_rested":0,"item_purchase_floors":[2,11,38,38,48,48],"current_hp_per_floor":[57,57,57,56,56,56,49,49,49,48,48,45,45,45,45,45,56,56,56,56,56,56,56,56,56,56,56,45,47,45,45,45,35,58,58,58,58,58,58,58,60,53,53,55,55,55,62,62,62,80],"gold":74,"neow_bonus":"TWO_FIFTY_GOLD","is_prod":false,"is_daily":false,"chose_seed":false,"campfire_upgraded":8,"win_rate":0,"timestamp":1683506405,"path_taken":["M","$","?","M","M","R","E","M","T","?","$","E","?","E","R","BOSS","M","?","M","$","?","E","R","?","T","R","M","M","E","M","R","BOSS","M","M","?","$","?","R","M","E","T","?","$","R","E","$","R","BOSS"],"build_version":"2022-12-18","purchased_purges":5,"victory":true,"max_hp_per_floor":[60,60,60,60,60,60,60,60,60,60,60,60,60,60,60,60,60,60,60,60,60,60,60,60,60,60,60,62,64,66,66,66,66,66,66,66,66,66,66,66,68,80,80,82,82,82,89,89,89,89],"relic_stats":{"Singing Bowl":12,"Happy Flower":[6],"counters":[24,122],"CeramicFish":63,"Omamori":1,"Sozu":4,"Centennial Puzzle":[21],"Dream Catcher":0,"Matryoshka":2,"Shuriken":[9],"Black Star":2,"Kunai":[114],"obtain_stats":[{"Pear":42,"Singing Bowl":26,"Happy Flower":43,"CeramicFish":23,"Oddly Smooth Stone":11,"Vajra":22,"Omamori":22,"Sling":38,"Sozu":17,"Centennial Puzzle":9,"Dream Catcher":26,"Matryoshka":14,"Ninja Scroll":3,"Shuriken":48,"Strawberry":47,"Molten Egg 2":42,"Bag of Marbles":7,"Black Star":34,"Kunai":12,"Unceasing Top":30,"Toy Ornithopter":47,"Ring of the Snake":0},{"Pear":21,"Singing Bowl":12,"Happy Flower":21,"CeramicFish":12,"Oddly Smooth Stone":6,"Vajra":11,"Omamori":11,"Sling":19,"Sozu":9,"Centennial Puzzle":5,"Dream Catcher":12,"Matryoshka":8,"Ninja Scroll":1,"Shuriken":23,"Strawberry":23,"Molten Egg 2":21,"Bag of Marbles":4,"Black Star":17,"Kunai":7,"Unceasing Top":15,"Toy Ornithopter":23,"Ring of the Snake":0},{"Pear":104,"Singing Bowl":62,"Happy Flower":104,"CeramicFish":62,"Oddly Smooth Stone":28,"Vajra":57,"Omamori":57,"Sling":98,"Sozu":55,"Centennial Puzzle":21,"Dream Catcher":62,"Matryoshka":40,"Ninja Scroll":4,"Shuriken":111,"Strawberry":111,"Molten Egg 2":104,"Bag of Marbles":17,"Black Star":94,"Kunai":36,"Unceasing Top":78,"Toy Ornithopter":111,"Ring of the Snake":0}],"Unceasing Top":[2],"Toy Ornithopter":10,"Ring of the Snake":[48]},"card_choices":[{"not_picked":["Underhanded Strike","Expertise"],"picked":"Footwork","floor":1.0},{"not_picked":["PiercingWail","Outmaneuver"],"picked":"Blade Dance","floor":4},{"not_picked":["Quick Slash","Sucker Punch"],"picked":"Cloak And Dagger","floor":5},{"not_picked":["Outmaneuver","Flying Knee"],"picked":"Blade Dance","floor":7},{"not_picked":["PiercingWail","Calculated Gamble"],"picked":"Leg Sweep","floor":8},{"not_picked":["Deadly Poison","Heel Hook"],"picked":"Corpse Explosion","floor":10},{"not_picked":["Acrobatics","Endless Agony"],"picked":"Deflect","floor":12},{"not_picked":["Flying Knee","Escape Plan"],"picked":"Blur","floor":14},{"not_picked":["Burst","Grand Finale"],"picked":"Bullet Time","floor":16},{"not_picked":["Caltrops","Outmaneuver"],"picked":"Blade Dance+1","floor":18},{"not_picked":["Underhanded Strike","Dagger Throw","Deadly Poison"],"picked":"SKIP","floor":20},{"not_picked":["Wraith Form v2","Slice+1","Flying Knee"],"picked":"SKIP","floor":23},{"not_picked":["Blade Dance","Flying Knee","Acrobatics"],"picked":"Singing Bowl","floor":28},{"not_picked":["Setup","Choke","Sucker Punch"],"picked":"Singing Bowl","floor":29},{"not_picked":["Setup","Bouncing Flask","Quick Slash"],"picked":"Singing Bowl","floor":30},{"not_picked":["Bane","Skewer"],"picked":"Caltrops+1","floor":31},{"not_picked":["Unload","Envenom"],"picked":"Phantasmal Killer","floor":33},{"not_picked":["Slice","Reflex"],"picked":"PiercingWail+1","floor":35},{"not_picked":["Dagger Throw+1","Deadly Poison"],"picked":"Finisher","floor":36},{"not_picked":["Dodge and Roll","Prepared","Poisoned Stab+1"],"picked":"Singing Bowl","floor":41},{"not_picked":["Slice+1","Poisoned Stab+1","Deadly Poison"],"picked":"Singing Bowl","floor":42},{"not_picked":["Dash+1","Slice+1","Outmaneuver"],"picked":"Singing Bowl","floor":44},{"not_picked":["Grand Finale+1","Blade Dance"],"picked":"Cloak And Dagger+1","floor":47}],"player_experience":5583292,"relics_obtained":[{"floor":3,"key":"Ninja Scroll"},{"floor":7,"key":"Bag of Marbles"},{"floor":9,"key":"Centennial Puzzle"},{"floor":12,"key":"Kunai"},{"floor":14,"key":"Matryoshka"},{"floor":22,"key":"Omamori"},{"floor":22,"key":"Vajra"},{"floor":23,"key":"CeramicFish"},{"floor":26,"key":"Dream Catcher"},{"floor":26,"key":"Singing Bowl"},{"floor":30,"key":"Unceasing Top"},{"floor":42,"key":"Pear"},{"floor":42,"key":"Molten Egg 2"},{"floor":43,"key":"Happy Flower"},{"floor":47,"key":"Toy Ornithopter"},{"floor":47,"key":"Strawberry"}],"event_choices":[{"damage_healed":0,"gold_gain":0,"player_choice":"2 cards matched","damage_taken":0,"max_hp_gain":0,"max_hp_loss":0,"event_name":"Match and Keep!","floor":13,"gold_loss":0,"cards_obtained":["Blade Dance","Burst"]},{"cards_removed":["Strike_G"],"damage_healed":0,"gold_gain":0,"player_choice":"Offered Basic","damage_taken":0,"max_hp_gain":0,"max_hp_loss":0,"event_name":"Bonfire Elementals","floor":19,"gold_loss":0},{"damage_healed":0,"gold_gain":0,"player_choice":"Simplicity","damage_taken":0,"max_hp_gain":0,"max_hp_loss":0,"event_name":"Back to Basics","floor":25,"gold_loss":0,"cards_upgraded":["Strike_G","Strike_G","Defend_G","Defend_G","Defend_G","Defend_G","Defend_G"]},{"cards_removed":["Bullet Time"],"damage_healed":0,"gold_gain":0,"player_choice":"Removed Skill","damage_taken":0,"max_hp_gain":0,"max_hp_loss":0,"event_name":"Falling","floor":37,"gold_loss":0},{"damage_healed":0,"gold_gain":275,"player_choice":"Desecrate","damage_taken":0,"max_hp_gain":0,"max_hp_loss":0,"event_name":"Golden Shrine","floor":39,"gold_loss":0,"cards_obtained":["Regret"]}],"is_beta":false,"boss_relics":[{"not_picked":["SacredBark","Fusion Hammer"],"picked":"Sozu"},{"not_picked":["Busted Crown","Astrolabe"],"picked":"Black Star"}],"items_purged_floors":[11,21,38,45,48],"is_endless":false,"potions_floor_spawned":[7,10,14,18,30,41,42],"ascension_level":15}