{"gold_per_floor":[213,138,138,158,158,202,202,226,304,304,328,328,342,378,378,471,471,490,490,199,214,214,214,253,253,253,168,199,60,110,150,150,245,245,263,278,291,291,90,134,157,157,206,206,242,262,41,41,41,41],"floor_reached":51,"playtime":1972,"items_purged":[],"score":1465,"play_id":"70d769e3-f425-4748-9ccc-b455d787fcdc","local_time":"20230506123553","is_ascension_mode":true,"campfire_choices":[{"data":"Neutralize","floor":7.0,"key":"SMITH"},{"data":"Poisoned Stab","floor":10.0,"key":"SMITH"},{"data":"Bouncing Flask","floor":12.0,"key":"SMITH"},{"data":"Dagger Spray","floor":15.0,"key":"SMITH"},{"data":"Corpse Explosion","floor":23.0,"key":"SMITH"},{"data":"Leg Sweep","floor":25.0,"key":"SMITH"},{"data":"Crippling Poison","floor":32.0,"key":"SMITH"},{"data":"Reflex","floor":42,"key":"SMITH"},{"data":"Malaise","floor":44,"key":"SMITH"},{"data":"Backflip","floor":49,"key":"SMITH"}],"neow_cost":"NONE","seed_source_timestamp":19032799401300,"circlet_count":0,"master_deck":["AscendersBane","Defend_G+1","Defend_G+1","Defend_G+1","Defend_G+1","Defend_G+1","Survivor","Neutralize+1","Poisoned Stab+1","Corpse Explosion+1","Dagger Throw+1","Quick Slash+1","Bouncing Flask+1","Dagger Spray+1","Crippling Poison+1","Malaise+1","PiercingWail","Backflip+1","Leg Sweep+1","Poisoned Stab+1","Well Laid Plans+1","Catalyst+1","Wraith Form v2+1","Flechettes+1","Dagger Throw+1","A Thousand Cuts+1","Expertise+1","Leg Sweep+1","Well Laid Plans+1","Footwork+1","Reflex+1","Escape Plan+1","Noxious Fumes+1"],"special_seed":0,"relics":["Ring of the Snake","Golden Idol","Blood Vial","Bottled Lightning","Frozen Egg 2","Cursed Key","Anchor","Lantern","Omamori","Juzu Bracelet","Meat on the Bone","Vajra","Potion Belt","Du-Vu Doll","Astrolabe","TwistedFunnel","Whetstone","Ancient Tea Set","Bronze Scales","Centennial Puzzle"],"potions_floor_usage":[50,50,50,50,50,50,50],"damage_taken":[{"damage":1.0,"enemies":"Cultist","floor":1.0,"turns":5.0},{"damage":2.0,"enemies":"2 Louse","floor":4.0,"turns":3.0},{"damage":20.0,"enemies":"3 Sentries","floor":6.0,"turns":4.0},{"damage":0.0,"enemies":"Small Slimes","floor":8.0,"turns":3.0},{"damage":0.0,"enemies":"Looter","floor":11.0,"turns":3.0},{"damage":0.0,"enemies":"3 Louse","floor":13.0,"turns":1.0},{"damage":12.0,"enemies":"Lagavulin","floor":14.0,"turns":6.0},{"damage":24.0,"enemies":"Slime Boss","floor":16.0,"turns":9.0},{"damage":0.0,"enemies":"Chosen","floor":18.0,"turns":4.0},{"damage":0.0,"enemies":"Spheric Guardian","floor":21.0,"turns":3.0},{"damage":6.0,"enemies":"Slavers","floor":24.0,"turns":3.0},{"damage":9.0,"enemies":"Book of Stabbing","floor":28.0,"turns":6.0},{"damage":0.0,"enemies":"Gremlin Leader","floor":31.0,"turns":5.0},{"damage":34.0,"enemies":"Automaton","floor":33.0,"turns":11.0},{"damage":0.0,"enemies":"Orb Walker","floor":35.0,"turns":2.0},{"damage":1.0,"enemies":"3 Darklings","floor":36.0,"turns":3.0},{"damage":2.0,"enemies":"Maw","floor":37.0,"turns":6.0},{"damage":0,"enemies":"Giant Head","floor":40,"turns":7},{"damage":3,"enemies":"Transient","floor":41,"turns":5},{"damage":5,"enemies":"Nemesis","floor":45,"turns":7},{"damage":1,"enemies":"Spire Growth","floor":46,"turns":6},{"damage":8,"enemies":"Time Eater","floor":50,"turns":11}],"seed_played":"3283155577121620395","potions_obtained":[{"floor":13.0,"key":"EssenceOfSteel"},{"floor":14.0,"key":"SpeedPotion"},{"floor":16.0,"key":"SneckoOil"},{"floor":24.0,"key":"Regen Potion"},{"floor":31.0,"key":"LiquidBronze"},{"floor":33.0,"key":"CultistPotion"},{"floor":36.0,"key":"Fire Potion"},{"floor":37.0,"key":"Fire Potion"}],"is_trial":false,"path_per_floor":["M","?","?","M","?","E","R","M","T","R","M","R","M","E","R","B",null,"M","?","$","M","?","R","E","R","T","?","E","$","?","E","R","B",null,"M","M","M","?","$","E","M","R","T","R","E","M","$","?","R","B",null],"character_chosen":"THE_SILENT","basemod:card_modifiers":[null,null,null,null,null,null,null,null,null,null,null,null,null,null,null,null,null,null,null,null,null,null,null,null,null,null,null,null,null,null,null,null,null],"items_purchased":["Anchor","Lantern","Well Laid Plans+1","EntropicBrew","TwistedFunnel","PowerPotion","Noxious Fumes+1","Centennial Puzzle"],"campfire_rested":0,"item_purchase_floors":[20,20,29,29,39,39,47,47],"current_hp_per_floor":[58,58,51,49,49,29,29,31,31,31,33,33,35,25,25,3,46,48,48,48,50,50,50,46,46,46,46,54,54,54,56,56,36,54,56,57,57,57,57,59,57,57,57,57,54,55,55,55,55,49],"gold":41,"neow_bonus":"HUNDRED_GOLD","is_prod":false,"is_daily":false,"chose_seed":false,"campfire_upgraded":10,"win_rate":0,"timestamp":1683401753,"path_taken":["M","?","?","M","?","E","R","M","T","R","M","R","M","E","R","BOSS","M","?","$","M","?","R","E","R","T","?","E","$","?","E","R","BOSS","M","M","M","?","$","E","M","R","T","R","E","M","$","?","R","BOSS"],"build_version":"2022-12-18","purchased_purges":0,"victory":true,"max_hp_per_floor":[66,66,66,66,60,60,60,60,60,60,60,60,60,60,60,60,60,60,60,60,60,60,60,60,60,60,60,60,60,60,60,60,60,60,60,60,60,60,60,60,60,60,60,60,60,60,60,60,60,60],"relic_stats":{"counters":[22,113],"Golden Idol":157,"Astrolabe":["Flechettes","Dagger Throw","A Thousand Cuts"],"Omamori":2,"Juzu Bracelet":1,"Whetstone":["Quick Slash","Dagger Throw"],"Cursed Key":2,"Ancient Tea Set":[4],"Blood Vial":37,"Centennial Puzzle":[3],"Bronze Scales":[66],"Bottled Lightning":"Corpse Explosion","obtain_stats":[{"Potion Belt":28,"TwistedFunnel":39,"Lantern":20,"Golden Idol":5,"Astrolabe":34,"Vajra":27,"Omamori":22,"Juzu Bracelet":24,"Whetstone":40,"Frozen Egg 2":14,"Cursed Key":17,"Ancient Tea Set":43,"Blood Vial":6,"Du-Vu Doll":31,"Anchor":20,"Centennial Puzzle":47,"Bronze Scales":45,"Bottled Lightning":9,"Ring of the Snake":0,"Meat on the Bone":26},{"Potion Belt":12,"TwistedFunnel":17,"Lantern":9,"Golden Idol":2,"Astrolabe":14,"Vajra":11,"Omamori":10,"Juzu Bracelet":11,"Whetstone":18,"Frozen Egg 2":7,"Cursed Key":8,"Ancient Tea Set":19,"Blood Vial":3,"Du-Vu Doll":13,"Anchor":9,"Centennial Puzzle":21,"Bronze Scales":20,"Bottled Lightning":4,"Ring of the Snake":0,"Meat on the Bone":11},{"Potion Belt":50,"TwistedFunnel":77,"Lantern":38,"Golden Idol":8,"Astrolabe":66,"Vajra":44,"Omamori":41,"Juzu Bracelet":44,"Whetstone":84,"Frozen Egg 2":25,"Cursed Key":34,"Ancient Tea Set":89,"Blood Vial":12,"Du-Vu Doll":55,"Anchor":38,"Centennial Puzzle":102,"Bronze Scales":96,"Bottled Lightning":15,"Ring of the Snake":0,"Meat on the Bone":44}],"Ring of the Snake":[44],"Meat on the Bone":12},"card_choices":[{"not_picked":["Outmaneuver","PiercingWail"],"picked":"Poisoned Stab","floor":1.0},{"not_picked":["Dagger Spray","Catalyst"],"picked":"Corpse Explosion","floor":4.0},{"not_picked":["Backflip","Dodge and Roll"],"picked":"Dagger Throw","floor":6.0},{"not_picked":["Prepared","Dodge and Roll"],"picked":"Quick Slash","floor":8.0},{"not_picked":["Distraction","Tools of the Trade"],"picked":"Bouncing Flask","floor":11.0},{"not_picked":["Sucker Punch","Outmaneuver"],"picked":"Dagger Spray","floor":13.0},{"not_picked":["Skewer","Quick Slash"],"picked":"Crippling Poison","floor":14.0},{"not_picked":["Storm of Steel","Corpse Explosion"],"picked":"Malaise","floor":16.0},{"not_picked":["Underhanded Strike","Cloak And Dagger"],"picked":"PiercingWail","floor":18.0},{"not_picked":["Terror","Dash"],"picked":"Backflip","floor":21.0},{"not_picked":["Backflip","Deflect"],"picked":"Leg Sweep","floor":24.0},{"not_picked":["Dagger Spray","All Out Attack"],"picked":"Poisoned Stab+1","floor":28.0},{"not_picked":["Noxious Fumes+1","Terror"],"picked":"Catalyst+1","floor":31.0},{"not_picked":["Storm of Steel","Grand Finale"],"picked":"Wraith Form v2+1","floor":33.0},{"not_picked":["Cloak And Dagger+1","Deadly Poison"],"picked":"Expertise+1","floor":35.0},{"not_picked":["Outmaneuver","Bane"],"picked":"Leg Sweep+1","floor":36.0},{"not_picked":["Slice+1","Dagger Spray"],"picked":"Well Laid Plans+1","floor":37.0},{"not_picked":["Poisoned Stab","Deadly Poison+1"],"picked":"Footwork+1","floor":40},{"not_picked":["Concentrate","Sucker Punch"],"picked":"Reflex","floor":41},{"not_picked":["Tactician","Expertise"],"picked":"Escape Plan+1","floor":45},{"not_picked":["Escape Plan","Infinite Blades+1","Predator"],"picked":"SKIP","floor":46}],"player_experience":5579122,"relics_obtained":[{"floor":6.0,"key":"Blood Vial"},{"floor":9.0,"key":"Bottled Lightning"},{"floor":14.0,"key":"Frozen Egg 2"},{"floor":22.0,"key":"Omamori"},{"floor":24.0,"key":"Juzu Bracelet"},{"floor":26.0,"key":"Meat on the Bone"},{"floor":28.0,"key":"Potion Belt"},{"floor":31.0,"key":"Du-Vu Doll"},{"floor":40,"key":"Whetstone"},{"floor":43,"key":"Ancient Tea Set"},{"floor":45,"key":"Bronze Scales"}],"event_choices":[{"cards_removed":["Strike_G"],"damage_healed":0.0,"max_hp_gain":0.0,"max_hp_loss":0.0,"gold_gain":0.0,"event_name":"The Cleric","player_choice":"Card Removal","floor":2.0,"gold_loss":75.0,"damage_taken":0.0},{"cards_removed":["Strike_G"],"damage_healed":0.0,"max_hp_gain":0.0,"max_hp_loss":0.0,"gold_gain":0.0,"event_name":"Golden Wing","player_choice":"Card Removal","floor":3.0,"gold_loss":0.0,"damage_taken":7.0},{"damage_healed":0.0,"max_hp_gain":0.0,"max_hp_loss":6.0,"gold_gain":0.0,"event_name":"Golden Idol","player_choice":"Lose Max HP","floor":5.0,"gold_loss":0.0,"damage_taken":0.0,"relics_obtained":["Golden Idol"]},{"damage_healed":0.0,"max_hp_gain":0.0,"max_hp_loss":0.0,"gold_gain":0.0,"event_name":"Back to Basics","player_choice":"Simplicity","floor":19.0,"gold_loss":0.0,"damage_taken":0.0,"cards_upgraded":["Strike_G","Strike_G","Strike_G","Defend_G","Defend_G","Defend_G","Defend_G","Defend_G"]},{"damage_healed":0.0,"max_hp_gain":0.0,"max_hp_loss":0.0,"gold_gain":0.0,"event_name":"Wheel of Change","player_choice":"Relic","floor":22.0,"gold_loss":0.0,"damage_taken":0.0},{"damage_healed":0.0,"max_hp_gain":0.0,"max_hp_loss":0.0,"gold_gain":0.0,"event_name":"Addict","player_choice":"Obtained Relic","floor":27.0,"gold_loss":85.0,"damage_taken":0.0,"relics_obtained":["Vajra"]},{"damage_healed":0.0,"max_hp_gain":0.0,"max_hp_loss":0.0,"gold_gain":100.0,"event_name":"The Joust","player_choice":"Bet on Murderer","floor":30.0,"gold_loss":50.0,"damage_taken":0.0},{"damage_healed":0.0,"max_hp_gain":0.0,"max_hp_loss":0.0,"gold_gain":0.0,"event_name":"Tomb of Lord Red Mask","player_choice":"Ignored","floor":38.0,"gold_loss":0.0,"damage_taken":0.0},{"damage_healed":0,"gold_gain":0,"player_choice":"Memory 1","damage_taken":0,"max_hp_gain":0,"max_hp_loss":0,"event_name":"SensoryStone","floor":48,"gold_loss":0}],"is_beta":false,"boss_relics":[{"not_picked":["Black Star","Tiny House"],"picked":"Cursed Key"},{"not_picked":["Busted Crown","Runic Dome"],"picked":"Astrolabe"}],"items_purged_floors":[],"is_endless":false,"potions_floor_spawned":[13,14,16,24,31,33,36,37,45,46],"ascension_level":15}