{"gold_per_floor":[13,29,29,43,66,66,102,120,120,151,169,183,183,204,204,303,303,318,333,354,194,194,194,205,105,105,119,135,161,181,181,181,255,255,266,266,246,0,10,45,45,59,59,59,8,37,48,76,76,76],"floor_reached":51,"playtime":2117,"items_purged":["Strike_G","Strike_G","Strike_G"],"score":1515,"play_id":"1ebb7935-0273-45a1-8a58-f4aabd1d0739","local_time":"20230514122841","is_ascension_mode":true,"campfire_choices":[{"data":"Noxious Fumes","floor":13.0,"key":"SMITH"},{"data":"Malaise","floor":15.0,"key":"SMITH"},{"data":"Bouncing Flask","floor":23.0,"key":"SMITH"},{"data":"Footwork","floor":32.0,"key":"SMITH"},{"data":"Well Laid Plans","floor":41.0,"key":"SMITH"},{"data":"Wraith Form v2","floor":44.0,"key":"SMITH"},{"data":"Strike_G","floor":49,"key":"PURGE"}],"neow_cost":"NO_GOLD","seed_source_timestamp":13235194449400,"circlet_count":0,"master_deck":["AscendersBane","Defend_G","Defend_G","Defend_G","Defend_G","Defend_G","Survivor","Neutralize","Deadly Poison","Noxious Fumes+1","Flying Knee","Bane","Malaise+1","Bouncing Flask+1","Deadly Poison+1","Deflect+1","Catalyst+1","Backflip+1","Burst+1","Acrobatics+1","Blur+1","PiercingWail+1","Footwork+1","Dodge and Roll+1","Poisoned Stab+1","PiercingWail+1","Acrobatics+1","Backflip+1","Wraith Form v2+1","Discovery+1","Blind+1","Tactician+1","Acrobatics+1","Deflect+1","Well Laid Plans+1","Flechettes+1","Catalyst+1"],"special_seed":0,"relics":["Ring of the Snake","Bird Faced Urn","Bloody Idol","Toy Ornithopter","Mercury Hourglass","Toxic Egg 2","Cursed Key","Darkstone Periapt","HoveringKite","Peace Pipe","Gremlin Horn","Anchor"],"potions_floor_usage":[50],"damage_taken":[{"damage":4.0,"enemies":"Jaw Worm","floor":1.0,"turns":6.0},{"damage":0.0,"enemies":"2 Louse","floor":2.0,"turns":4.0},{"damage":2.0,"enemies":"Cultist","floor":4.0,"turns":4.0},{"damage":6.0,"enemies":"Looter","floor":5.0,"turns":4.0},{"damage":24.0,"enemies":"Lagavulin","floor":7.0,"turns":6.0},{"damage":20.0,"enemies":"Exordium Thugs","floor":8.0,"turns":6.0},{"damage":10.0,"enemies":"Gremlin Nob","floor":10.0,"turns":4.0},{"damage":6.0,"enemies":"Large Slime","floor":11.0,"turns":5.0},{"damage":2.0,"enemies":"Gremlin Gang","floor":12.0,"turns":4.0},{"damage":7.0,"enemies":"Looter","floor":14.0,"turns":3.0},{"damage":0.0,"enemies":"Hexaghost","floor":16.0,"turns":6.0},{"damage":0.0,"enemies":"Shell Parasite","floor":18.0,"turns":3.0},{"damage":0.0,"enemies":"Chosen","floor":19.0,"turns":4.0},{"damage":3.0,"enemies":"Snecko","floor":20.0,"turns":3.0},{"damage":15.0,"enemies":"Chosen and Byrds","floor":24.0,"turns":5.0},{"damage":0.0,"enemies":"3 Cultists","floor":27.0,"turns":4.0},{"damage":0.0,"enemies":"Centurion and Healer","floor":28.0,"turns":5.0},{"damage":0.0,"enemies":"Book of Stabbing","floor":29.0,"turns":6.0},{"damage":6.0,"enemies":"Cultist and Chosen","floor":30.0,"turns":3.0},{"damage":13.0,"enemies":"Collector","floor":33.0,"turns":7.0},{"damage":19.0,"enemies":"3 Shapes","floor":35.0,"turns":6.0},{"damage":0.0,"enemies":"Orb Walker","floor":39.0,"turns":3.0},{"damage":10.0,"enemies":"Nemesis","floor":40.0,"turns":7.0},{"damage":20.0,"enemies":"Jaw Worm Horde","floor":42.0,"turns":5.0},{"damage":9.0,"enemies":"Giant Head","floor":46.0,"turns":8.0},{"damage":0.0,"enemies":"Transient","floor":47.0,"turns":5.0},{"damage":7.0,"enemies":"Reptomancer","floor":48.0,"turns":5.0},{"damage":26,"enemies":"Time Eater","floor":50,"turns":5}],"seed_played":"6950840194509489209","potions_obtained":[{"floor":4.0,"key":"Dexterity Potion"},{"floor":5.0,"key":"Poison Potion"},{"floor":8.0,"key":"GhostInAJar"},{"floor":10.0,"key":"Weak Potion"},{"floor":14.0,"key":"SneckoOil"},{"floor":20.0,"key":"Regen Potion"},{"floor":30.0,"key":"Strength Potion"},{"floor":39.0,"key":"CunningPotion"},{"floor":48.0,"key":"Ancient Potion"}],"is_trial":false,"path_per_floor":["M","M","?","M","M","?","E","M","T","E","M","M","R","M","R","B",null,"M","M","M","$","?","R","M","$","T","M","M","E","M","?","R","B",null,"M","?","?","$","M","E","R","M","T","R","$","E","M","E","R","B",null],"character_chosen":"THE_SILENT","basemod:card_modifiers":[null,null,null,null,null,null,null,null,null,null,null,null,null,null,null,null,null,null,null,null,null,null,null,null,null,null,null,null,null,null,null,null,null,null,null,null,null],"items_purchased":["Footwork","Dodge and Roll+1","Tactician+1","Acrobatics+1","Dexterity Potion"],"campfire_rested":0,"item_purchase_floors":[21,21,38,38,45],"current_hp_per_floor":[55,55,55,55,49,54,32,14,14,11,7,12,12,7,7,9,51,58,58,57,57,57,57,54,54,54,63,65,65,64,64,64,59,64,54,44,44,44,65,62,62,55,55,55,55,61,65,64,64,39],"gold":76,"neow_bonus":"ONE_RARE_RELIC","is_prod":false,"is_daily":false,"chose_seed":false,"campfire_upgraded":6,"win_rate":0,"timestamp":1684092521,"path_taken":["M","M","?","M","M","?","E","?","T","E","?","M","R","M","R","BOSS","M","M","M","$","?","R","M","$","T","M","M","E","M","?","R","BOSS","M","?","?","$","M","E","R","M","T","R","$","E","M","E","R","BOSS"],"build_version":"2022-12-18","purchased_purges":3,"victory":true,"max_hp_per_floor":[66,66,60,60,60,65,65,65,65,65,65,65,65,65,65,65,65,65,65,65,65,65,65,65,65,65,65,65,65,65,65,65,65,65,65,65,65,65,65,65,65,65,65,65,65,65,65,65,65,65],"relic_stats":{"Darkstone Periapt":0,"Peace Pipe":1,"Gremlin Horn":[3,3],"counters":[28,133],"Bird Faced Urn":[61],"Bloody Idol":47,"HoveringKite":[18],"Cursed Key":0,"obtain_stats":[{"Darkstone Periapt":29,"Gremlin Horn":46,"Golden Idol":3,"HoveringKite":34,"Cursed Key":17,"Mercury Hourglass":9,"Peace Pipe":40,"Anchor":48,"Bird Faced Urn":0,"Bloody Idol":22,"Toxic Egg 2":10,"Toy Ornithopter":7,"Ring of the Snake":0},{"Darkstone Periapt":18,"Gremlin Horn":25,"Golden Idol":2,"HoveringKite":20,"Cursed Key":11,"Mercury Hourglass":6,"Peace Pipe":23,"Anchor":27,"Bird Faced Urn":0,"Bloody Idol":14,"Toxic Egg 2":7,"Toy Ornithopter":5,"Ring of the Snake":0},{"Darkstone Periapt":80,"Gremlin Horn":118,"Golden Idol":10,"HoveringKite":90,"Cursed Key":51,"Mercury Hourglass":30,"Peace Pipe":105,"Anchor":128,"Bird Faced Urn":0,"Bloody Idol":60,"Toxic Egg 2":34,"Toy Ornithopter":24,"Ring of the Snake":0}],"Toy Ornithopter":27,"Ring of the Snake":[56],"Mercury Hourglass":[418]},"card_choices":[{"not_picked":["PiercingWail","Flechettes"],"picked":"Deadly Poison","floor":1.0},{"not_picked":["Dagger Throw","Poisoned Stab"],"picked":"Noxious Fumes","floor":2.0},{"not_picked":["Acrobatics","Cloak And Dagger"],"picked":"Flying Knee","floor":4.0},{"not_picked":["Expertise","Quick Slash"],"picked":"Bane","floor":5.0},{"not_picked":["Prepared","Blade Dance"],"picked":"Malaise","floor":7.0},{"not_picked":["Choke","Eviscerate"],"picked":"Bouncing Flask","floor":8.0},{"not_picked":["Dagger Throw","Quick Slash"],"picked":"Deadly Poison+1","floor":10.0},{"not_picked":["All Out Attack","Quick Slash"],"picked":"Deflect+1","floor":11.0},{"not_picked":["Blur+1","Well Laid Plans"],"picked":"Catalyst+1","floor":12.0},{"not_picked":["Escape Plan+1","Accuracy"],"picked":"Backflip+1","floor":14.0},{"not_picked":["Night Terror+1","Adrenaline+1"],"picked":"Burst+1","floor":16.0},{"not_picked":["Dagger Spray","Blade Dance+1"],"picked":"Acrobatics+1","floor":18.0},{"not_picked":["Deflect+1","Flying Knee+1"],"picked":"Blur+1","floor":19.0},{"not_picked":["Sucker Punch","Concentrate+1"],"picked":"PiercingWail+1","floor":20.0},{"not_picked":["Eviscerate","Footwork"],"picked":"Poisoned Stab+1","floor":24.0},{"not_picked":["Sucker Punch","Distraction+1"],"picked":"PiercingWail+1","floor":27.0},{"not_picked":["Riddle With Holes","Poisoned Stab","Choke+1"],"picked":"SKIP","floor":28.0},{"not_picked":["Endless Agony+1","Bullet Time+1"],"picked":"Acrobatics+1","floor":29.0},{"not_picked":["Caltrops","Quick Slash"],"picked":"Backflip+1","floor":30.0},{"not_picked":["Envenom","Unload"],"picked":"Wraith Form v2","floor":33.0},{"not_picked":["Slice","Predator","Heel Hook"],"picked":"SKIP","floor":35.0},{"not_picked":["Forethought+1","Secret Weapon+1"],"picked":"Discovery+1","floor":36.0},{"not_picked":["HandOfGreed","Bandage Up+1"],"picked":"Blind+1","floor":36.0},{"not_picked":["Deflect+1","Sucker Punch","Endless Agony+1"],"picked":"SKIP","floor":39.0},{"not_picked":["Sucker Punch","Endless Agony+1"],"picked":"Deflect+1","floor":39.0},{"not_picked":["Dash","Dagger Throw"],"picked":"Well Laid Plans","floor":40.0},{"not_picked":["Deflect+1","Dagger Throw","Distraction+1"],"picked":"SKIP","floor":42.0},{"not_picked":["Setup+1","Blade Dance+1","Deflect+1"],"picked":"SKIP","floor":46.0},{"not_picked":["Accuracy","Masterful Stab+1"],"picked":"Flechettes+1","floor":47.0},{"not_picked":["Terror+1","Dodge and Roll+1"],"picked":"Catalyst+1","floor":48.0}],"player_experience":5591840,"relics_obtained":[{"floor":7.0,"key":"Toy Ornithopter"},{"floor":9.0,"key":"Mercury Hourglass"},{"floor":10.0,"key":"Toxic Egg 2"},{"floor":29.0,"key":"Darkstone Periapt"},{"floor":40.0,"key":"Peace Pipe"},{"floor":46.0,"key":"Gremlin Horn"},{"floor":48.0,"key":"Anchor"}],"event_choices":[{"damage_healed":0.0,"max_hp_gain":0.0,"max_hp_loss":6.0,"gold_gain":0.0,"event_name":"Golden Idol","player_choice":"Lose Max HP","floor":3.0,"gold_loss":0.0,"damage_taken":0.0,"relics_obtained":["Golden Idol"]},{"damage_healed":0.0,"max_hp_gain":5.0,"max_hp_loss":0.0,"gold_gain":0.0,"event_name":"Big Fish","player_choice":"Donut","floor":6.0,"gold_loss":0.0,"damage_taken":0.0},{"damage_healed":0.0,"max_hp_gain":0.0,"max_hp_loss":0.0,"gold_gain":0.0,"event_name":"Forgotten Altar","player_choice":"Gave Idol","floor":22.0,"relics_lost":["Golden Idol"],"gold_loss":0.0,"damage_taken":0.0,"relics_obtained":["Bloody Idol"]},{"cards_removed":["Strike_G"],"damage_healed":0.0,"max_hp_gain":0.0,"max_hp_loss":0.0,"gold_gain":0.0,"event_name":"Purifier","player_choice":"Purged","floor":31.0,"gold_loss":0.0,"damage_taken":0.0},{"damage_healed":0.0,"max_hp_gain":0.0,"max_hp_loss":0.0,"gold_gain":0.0,"event_name":"SensoryStone","player_choice":"Memory 3","floor":36.0,"gold_loss":0.0,"damage_taken":10.0},{"damage_healed":0.0,"max_hp_gain":0.0,"max_hp_loss":0.0,"gold_gain":0.0,"event_name":"The Woman in Blue","player_choice":"Bought 1 Potion","floor":37.0,"gold_loss":0.0,"damage_taken":0.0}],"is_beta":false,"boss_relics":[{"not_picked":["Velvet Choker","Ring of the Serpent"],"picked":"Cursed Key"},{"not_picked":["Tiny House","Busted Crown"],"picked":"HoveringKite"}],"items_purged_floors":[21,25,38],"is_endless":false,"potions_floor_spawned":[4,5,8,10,14,20,30,33,39,46,48],"ascension_level":15}