{"gold_per_floor":[116,134,150,150,45,45,73,73,73,103,120,134,134,154,154,229,229,244,244,70,80,80,107,53,78,78,78,111,131,141,141],"floor_reached":31,"playtime":1494,"items_purged":["Strike_G"],"score":534,"play_id":"1f1b6115-3be6-4ed3-b655-d01e803bf58a","local_time":"20230516194326","is_ascension_mode":true,"campfire_choices":[{"data":"Bouncing Flask","floor":6.0,"key":"SMITH"},{"floor":15.0,"key":"REST"}],"neow_cost":"NONE","seed_source_timestamp":6995938016400,"circlet_count":0,"master_deck":["AscendersBane","Strike_G","Defend_G","Defend_G","Defend_G","Defend_G","Defend_G","Survivor","Neutralize","Sucker Punch","Bouncing Flask+1","PiercingWail","Caltrops","Dagger Throw","Deflect","Malaise+1","Backflip+1","Leg Sweep+1","Prepared+1","Burst+1","Footwork+1","After Image","Well Laid Plans","Deadly Poison+1","Bane","Noxious Fumes","Acrobatics+1","Unload","Bane","Acrobatics+1","Cloak And Dagger+1","Dodge and Roll+1"],"special_seed":0,"relics":["Ring of the Snake","Regal Pillow","Question Card","The Courier","Toxic Egg 2","PreservedInsect","Sundial","Philosopher\u0027s Stone","Happy Flower","White Beast Statue","Shuriken","Dream Catcher"],"potions_floor_usage":[31,31],"damage_taken":[{"damage":3.0,"enemies":"Small Slimes","floor":1.0,"turns":5.0},{"damage":0.0,"enemies":"Jaw Worm","floor":2.0,"turns":5.0},{"damage":0.0,"enemies":"2 Louse","floor":3.0,"turns":3.0},{"damage":10.0,"enemies":"Lagavulin","floor":7.0,"turns":7.0},{"damage":16.0,"enemies":"Gremlin Nob","floor":10.0,"turns":4.0},{"damage":0.0,"enemies":"Exordium Wildlife","floor":11.0,"turns":4.0},{"damage":1.0,"enemies":"Looter","floor":12.0,"turns":4.0},{"damage":4.0,"enemies":"2 Fungi Beasts","floor":14.0,"turns":3.0},{"damage":11.0,"enemies":"The Guardian","floor":16.0,"turns":10.0},{"damage":0.0,"enemies":"3 Byrds","floor":18.0,"turns":4.0},{"damage":0.0,"enemies":"Spheric Guardian","floor":21.0,"turns":3.0},{"damage":12.0,"enemies":"Gremlin Leader","floor":23.0,"turns":8.0},{"damage":30.0,"enemies":"Slavers","floor":25.0,"turns":7.0},{"damage":2.0,"enemies":"Book of Stabbing","floor":28.0,"turns":5.0},{"damage":4.0,"enemies":"3 Cultists","floor":29.0,"turns":8.0},{"damage":0.0,"enemies":"Centurion and Healer","floor":30.0,"turns":7.0},{"damage":12,"enemies":"Colosseum Slavers","floor":31,"turns":3}],"seed_played":"2311201034401304293","potions_obtained":[{"floor":2.0,"key":"Strength Potion"},{"floor":10.0,"key":"Energy Potion"},{"floor":14.0,"key":"DistilledChaos"},{"floor":16.0,"key":"GhostInAJar"},{"floor":23.0,"key":"GamblersBrew"},{"floor":29.0,"key":"FearPotion"}],"is_trial":false,"path_per_floor":["M","M","M","?","$","R","E","?","T","E","M","M","T","M","R","B",null,"M","?","$","M","?","E","$","E","T","?","E","M","M","?"],"character_chosen":"THE_SILENT","basemod:card_modifiers":[null,null,null,null,null,null,null,null,null,null,null,null,null,null,null,null,null,null,null,null,null,null,null,null,null,null,null,null,null,null,null,null],"items_purchased":["Caltrops","Dagger Throw","After Image","Well Laid Plans","Noxious Fumes"],"campfire_rested":1,"item_purchase_floors":[5,5,20,20,24],"current_hp_per_floor":[56,56,56,49,49,49,39,28,28,12,12,11,11,7,41,30,57,57,57,57,57,57,45,45,15,15,15,13,9,9,0],"gold":141,"neow_bonus":"RANDOM_COMMON_RELIC","is_prod":false,"is_daily":false,"chose_seed":false,"campfire_upgraded":1,"win_rate":0,"timestamp":1684291406,"path_taken":["M","M","M","?","$","R","E","?","T","E","M","M","?","M","R","BOSS","M","?","$","M","?","E","?","E","T","?","E","M","M","?"],"build_version":"2022-12-18","purchased_purges":1,"victory":false,"max_hp_per_floor":[66,66,66,66,66,66,66,66,66,66,66,66,66,66,66,66,66,66,66,66,66,66,66,66,66,66,66,66,66,66,66],"relic_stats":{"Regal Pillow":15,"Dream Catcher":0,"Happy Flower":[10],"counters":[17,90],"Sundial":[8],"Shuriken":[2],"The Courier":57,"PreservedInsect":133,"Question Card":12,"obtain_stats":[{"Regal Pillow":0,"Dream Catcher":28,"Happy Flower":23,"Sundial":13,"Shuriken":26,"Philosopher\u0027s Stone":17,"The Courier":8,"PreservedInsect":10,"Toxic Egg 2":9,"Question Card":7,"White Beast Statue":25,"Ring of the Snake":0},{"Regal Pillow":0,"Dream Catcher":14,"Happy Flower":12,"Sundial":7,"Shuriken":13,"Philosopher\u0027s Stone":9,"The Courier":4,"PreservedInsect":5,"Toxic Egg 2":4,"Question Card":4,"White Beast Statue":13,"Ring of the Snake":0},{"Regal Pillow":0,"Dream Catcher":72,"Happy Flower":60,"Sundial":32,"Shuriken":67,"Philosopher\u0027s Stone":45,"The Courier":20,"PreservedInsect":24,"Toxic Egg 2":20,"Question Card":20,"White Beast Statue":67,"Ring of the Snake":0}],"White Beast Statue":[0.0,0.024000000000000007,0.0,0.32800000000000007,0.0,0.5280000000000001,0.0,0.12000000000000002,0.0,0.0,0.0,1.2560000000000002],"Ring of the Snake":[34]},"card_choices":[{"not_picked":["Cloak And Dagger","Concentrate"],"picked":"Sucker Punch","floor":1.0},{"not_picked":["Cloak And Dagger","Outmaneuver"],"picked":"Bouncing Flask","floor":2.0},{"not_picked":["Prepared","Masterful Stab"],"picked":"PiercingWail","floor":3.0},{"not_picked":["Outmaneuver","Eviscerate"],"picked":"Deflect","floor":7.0},{"not_picked":["Prepared+1","Acrobatics+1","Dash"],"picked":"Malaise+1","floor":10.0},{"not_picked":["Dagger Throw","Caltrops","Dagger Spray"],"picked":"Backflip+1","floor":11.0},{"not_picked":["Riddle With Holes","Dodge and Roll+1","PiercingWail+1"],"picked":"Leg Sweep+1","floor":12.0},{"not_picked":["Blade Dance+1","Flying Knee","PiercingWail+1"],"picked":"Prepared+1","floor":14.0},{"not_picked":["Venomology+1","Adrenaline+1","Night Terror+1"],"picked":"Burst+1","floor":16.0},{"not_picked":["Deadly Poison+1","Blade Dance+1","Expertise+1"],"picked":"Footwork+1","floor":18.0},{"not_picked":["Outmaneuver+1","Endless Agony+1","Dagger Spray"],"picked":"Deadly Poison+1","floor":21.0},{"not_picked":["Infinite Blades","Sucker Punch","Caltrops+1"],"picked":"Bane","floor":23.0},{"not_picked":["Poisoned Stab","Grand Finale","Dodge and Roll+1"],"picked":"Acrobatics+1","floor":25.0},{"not_picked":["Slice","Leg Sweep+1","Bane"],"picked":"Acrobatics+1","floor":28.0},{"not_picked":["Skewer","Quick Slash","Prepared+1"],"picked":"Cloak And Dagger+1","floor":29.0},{"not_picked":["Flying Knee","Poisoned Stab","Cloak And Dagger+1"],"picked":"Dodge and Roll+1","floor":30.0}],"player_experience":5600515,"relics_obtained":[{"floor":7.0,"key":"Question Card"},{"floor":9.0,"key":"Toxic Egg 2"},{"floor":10.0,"key":"PreservedInsect"},{"floor":13.0,"key":"Sundial"},{"floor":23.0,"key":"Happy Flower"},{"floor":25.0,"key":"White Beast Statue"},{"floor":26.0,"key":"Shuriken"},{"floor":28.0,"key":"Dream Catcher"}],"event_choices":[{"cards_removed":["Strike_G"],"damage_healed":0.0,"max_hp_gain":0.0,"max_hp_loss":0.0,"gold_gain":0.0,"event_name":"Golden Wing","player_choice":"Card Removal","floor":4.0,"gold_loss":0.0,"damage_taken":7.0},{"damage_healed":0.0,"max_hp_gain":0.0,"max_hp_loss":0.0,"gold_gain":0.0,"event_name":"Scrap Ooze","player_choice":"Success","floor":8.0,"gold_loss":0.0,"damage_taken":11.0,"relics_obtained":["The Courier"]},{"damage_healed":0.0,"max_hp_gain":0.0,"max_hp_loss":0.0,"gold_gain":0.0,"event_name":"Cursed Tome","player_choice":"Ignored","floor":19.0,"gold_loss":0.0,"damage_taken":0.0},{"damage_healed":0.0,"max_hp_gain":0.0,"max_hp_loss":0.0,"gold_gain":0.0,"event_name":"Ghosts","player_choice":"Ignored","floor":22.0,"gold_loss":0.0,"damage_taken":0.0},{"damage_healed":0.0,"max_hp_gain":0.0,"max_hp_loss":0.0,"gold_gain":0.0,"cards_transformed":["Strike_G","Strike_G"],"event_name":"Drug Dealer","player_choice":"Became Test Subject","floor":27.0,"gold_loss":0.0,"damage_taken":0.0,"cards_obtained":["Unload","Bane"]},{"damage_healed":0,"gold_gain":0,"player_choice":"Fight","damage_taken":0,"max_hp_gain":0,"max_hp_loss":0,"event_name":"Colosseum","floor":31,"gold_loss":0}],"is_beta":false,"boss_relics":[{"not_picked":["WristBlade","Empty Cage"],"picked":"Philosopher\u0027s Stone"}],"items_purged_floors":[20],"is_endless":false,"potions_floor_spawned":[2,10,14,16,18,23,28,29,30],"killed_by":"Colosseum Slavers","ascension_level":15}