{"gold_per_floor":[118,25,44,55,75,103,103,120,120,153,153,171,204,214,214,285,285,297,311,338,348,127,160,160,194,194,224,224,240,259,275,275,346,346,362,373,419,69,83,83,32,58,58,58,58,75,86,117,117,117],"floor_reached":51,"playtime":2510,"items_purged":["Strike_G","Strike_G"],"score":1678,"play_id":"8052c3e2-3683-4eac-b415-f4b6c766cef8","local_time":"20230602204614","is_ascension_mode":true,"campfire_choices":[{"data":"Dagger Throw","floor":7.0,"key":"SMITH"},{"floor":11.0,"key":"REST"},{"data":"Noxious Fumes","floor":15.0,"key":"SMITH"},{"floor":24,"key":"REST"},{"data":"Backflip","floor":32,"key":"SMITH"},{"data":"Neutralize","floor":40,"key":"SMITH"},{"data":"Leg Sweep","floor":45,"key":"SMITH"},{"data":"Predator","floor":49,"key":"SMITH"}],"neow_cost":"NONE","seed_source_timestamp":9327902752800,"circlet_count":0,"master_deck":["AscendersBane","Strike_G","Defend_G","Defend_G","Defend_G","Defend_G","Defend_G","Survivor","Neutralize+1","Noxious Fumes+1","Quick Slash","Slice","Leg Sweep+1","Dagger Throw+1","Backflip+1","Deflect","Poisoned Stab","Crippling Poison+1","Predator+1","Adrenaline+1","Corpse Explosion+1","PiercingWail+1","Well Laid Plans+1","PiercingWail+1","Glass Knife+1","Deflect+1","Deadly Poison+1","Poisoned Stab+1","Leg Sweep+1","Acrobatics+1","Footwork+1","Wraith Form v2+1","Blur+1","Reflex+1","Bandage Up+1","Bouncing Flask+1","Acrobatics+1","Malaise+1","Blur+1"],"special_seed":0,"relics":["Ring of the Snake","Ice Cream","Frozen Egg 2","Toxic Egg 2","Gremlin Horn","Philosopher\u0027s Stone","Vajra","Snake Skull","Molten Egg 2","Centennial Puzzle","Question Card","Ornamental Fan","Coffee Dripper","Unceasing Top","Happy Flower","Pantograph","White Beast Statue","Shuriken"],"potions_floor_usage":[23,27,35,37,48,50],"damage_taken":[{"damage":0.0,"enemies":"Cultist","floor":1.0,"turns":5.0},{"damage":7.0,"enemies":"Jaw Worm","floor":3.0,"turns":4.0},{"damage":0.0,"enemies":"Small Slimes","floor":4.0,"turns":5.0},{"damage":10.0,"enemies":"Gremlin Gang","floor":5.0,"turns":5.0},{"damage":18.0,"enemies":"Lagavulin","floor":6.0,"turns":7.0},{"damage":0.0,"enemies":"Large Slime","floor":8.0,"turns":6.0},{"damage":5.0,"enemies":"Gremlin Nob","floor":10.0,"turns":4.0},{"damage":0.0,"enemies":"Looter","floor":12.0,"turns":4.0},{"damage":9.0,"enemies":"3 Sentries","floor":13.0,"turns":6.0},{"damage":1.0,"enemies":"Blue Slaver","floor":14.0,"turns":5.0},{"damage":6.0,"enemies":"Hexaghost","floor":16.0,"turns":10.0},{"damage":15.0,"enemies":"Spheric Guardian","floor":18.0,"turns":4.0},{"damage":0.0,"enemies":"3 Byrds","floor":19.0,"turns":3.0},{"damage":0.0,"enemies":"Cultist and Chosen","floor":21.0,"turns":3.0},{"damage":13,"enemies":"Book of Stabbing","floor":23,"turns":5},{"damage":0,"enemies":"Slavers","floor":25,"turns":4},{"damage":1,"enemies":"Book of Stabbing","floor":27,"turns":5},{"damage":4,"enemies":"Shelled Parasite and Fungi","floor":29,"turns":4},{"damage":0,"enemies":"Snake Plant","floor":30,"turns":3},{"damage":0,"enemies":"Cultist and Chosen","floor":31,"turns":3},{"damage":0,"enemies":"Champ","floor":33,"turns":8},{"damage":16,"enemies":"3 Darklings","floor":35,"turns":3},{"damage":0,"enemies":"3 Shapes","floor":36,"turns":2},{"damage":0,"enemies":"2 Orb Walkers","floor":37,"turns":4},{"damage":2,"enemies":"Spire Growth","floor":39,"turns":5},{"damage":0,"enemies":"Giant Head","floor":42,"turns":7},{"damage":0,"enemies":"Sphere and 2 Shapes","floor":46,"turns":3},{"damage":0,"enemies":"Maw","floor":47,"turns":6},{"damage":10,"enemies":"Reptomancer","floor":48,"turns":6},{"damage":0,"enemies":"Awakened One","floor":50,"turns":14}],"seed_played":"-3938552747452200774","potions_obtained":[{"floor":1.0,"key":"EssenceOfSteel"},{"floor":8.0,"key":"AttackPotion"},{"floor":13.0,"key":"BlessingOfTheForge"},{"floor":18.0,"key":"CunningPotion"},{"floor":23,"key":"Weak Potion"},{"floor":27,"key":"DistilledChaos"},{"floor":29,"key":"BlessingOfTheForge"},{"floor":33,"key":"Swift Potion"},{"floor":36,"key":"Block Potion"},{"floor":37,"key":"ColorlessPotion"},{"floor":48,"key":"SpeedPotion"}],"is_trial":false,"path_per_floor":["M","$","M","M","M","E","R","M","T","E","R","M","E","M","R","B",null,"M","M","T","M","$","E","R","E","T","E","?","M","M","M","R","B",null,"M","M","?","$","M","R","$","E","T","?","R","M","M","E","R","B",null],"character_chosen":"THE_SILENT","basemod:card_modifiers":[null,null,null,null,null,null,null,null,null,null,null,null,null,null,null,null,null,null,null,null,null,null,null,null,null,null,null,null,null,null,null,null,null,null,null,null,null,null,null],"items_purchased":["Strength Potion","Quick Slash","Snake Skull","Bandage Up+1","Happy Flower","Acrobatics+1"],"campfire_rested":2,"item_purchase_floors":[2,2,22,38,38,41],"current_hp_per_floor":[65,65,58,58,48,30,30,30,30,25,46,46,37,36,36,30,62,47,47,47,47,47,34,55,55,55,54,54,50,50,50,50,50,67,51,51,51,51,55,55,55,61,61,51,51,57,63,59,59,72],"gold":117,"neow_bonus":"TEN_PERCENT_HP_BONUS","is_prod":false,"is_daily":false,"chose_seed":false,"campfire_upgraded":6,"win_rate":0,"timestamp":1685763974,"path_taken":["M","$","M","M","?","E","R","?","T","E","R","M","E","M","R","BOSS","M","M","?","M","$","E","R","E","T","E","?","M","M","M","R","BOSS","M","M","?","$","M","R","$","E","T","?","R","M","M","E","R","BOSS"],"build_version":"2022-12-18","purchased_purges":2,"victory":true,"max_hp_per_floor":[72,72,72,72,72,72,72,72,72,72,72,72,72,72,72,72,72,72,72,72,72,72,72,72,72,72,72,72,72,72,72,72,72,72,72,72,72,72,72,72,72,72,72,72,72,72,72,72,72,72],"relic_stats":{"Ice Cream":[70],"Gremlin Horn":[12,12],"Happy Flower":[13],"counters":[30,153],"Snake Skull":[187],"Question Card":13,"White Beast Statue":[0.0,0.0,0.06000000000000001,0.0,0.44000000000000006,0.0,0.44000000000000006,0.0,0.06000000000000001,0.0,0.0,1.5],"Centennial Puzzle":[15],"Ornamental Fan":[68],"Shuriken":[7],"Pantograph":13,"obtain_stats":[{"Ice Cream":6,"Gremlin Horn":13,"Happy Flower":38,"Vajra":20,"Snake Skull":22,"Frozen Egg 2":9,"Question Card":26,"White Beast Statue":43,"Centennial Puzzle":25,"Ornamental Fan":27,"Shuriken":48,"Pantograph":42,"Philosopher\u0027s Stone":17,"Molten Egg 2":23,"Coffee Dripper":34,"Toxic Egg 2":10,"Unceasing Top":37,"Ring of the Snake":0},{"Ice Cream":5,"Gremlin Horn":9,"Happy Flower":24,"Vajra":13,"Snake Skull":14,"Frozen Egg 2":6,"Question Card":16,"White Beast Statue":26,"Centennial Puzzle":16,"Ornamental Fan":17,"Shuriken":29,"Pantograph":26,"Philosopher\u0027s Stone":11,"Molten Egg 2":15,"Coffee Dripper":21,"Toxic Egg 2":7,"Unceasing Top":24,"Ring of the Snake":0},{"Ice Cream":26,"Gremlin Horn":46,"Happy Flower":112,"Vajra":68,"Snake Skull":71,"Frozen Egg 2":32,"Question Card":80,"White Beast Statue":124,"Centennial Puzzle":80,"Ornamental Fan":85,"Shuriken":139,"Pantograph":124,"Philosopher\u0027s Stone":61,"Molten Egg 2":76,"Coffee Dripper":103,"Toxic Egg 2":36,"Unceasing Top":112,"Ring of the Snake":0}],"Unceasing Top":[1],"Ring of the Snake":[60]},"card_choices":[{"not_picked":["Endless Agony","Dagger Throw"],"picked":"Noxious Fumes","floor":1.0},{"not_picked":["Prepared","Dodge and Roll"],"picked":"Slice","floor":3.0},{"not_picked":["Heel Hook","Sucker Punch"],"picked":"Leg Sweep","floor":4.0},{"not_picked":["Well Laid Plans","Phantasmal Killer"],"picked":"Dagger Throw","floor":5.0},{"not_picked":["Infinite Blades","Setup"],"picked":"Backflip","floor":6.0},{"not_picked":["Dodge and Roll","Dagger Throw"],"picked":"Deflect","floor":8.0},{"not_picked":["Skewer","All Out Attack"],"picked":"Poisoned Stab","floor":10.0},{"not_picked":["Predator","Leg Sweep+1"],"picked":"Crippling Poison+1","floor":12.0},{"not_picked":["Flying Knee","Deflect+1"],"picked":"Predator","floor":13.0},{"not_picked":["Outmaneuver+1","Poisoned Stab"],"picked":"Adrenaline+1","floor":14.0},{"not_picked":["Grand Finale","Wraith Form v2+1"],"picked":"Corpse Explosion+1","floor":16.0},{"not_picked":["Accuracy+1","Sucker Punch"],"picked":"PiercingWail+1","floor":18.0},{"not_picked":["Deflect+1","Sucker Punch"],"picked":"Well Laid Plans+1","floor":19.0},{"not_picked":["Dodge and Roll+1","Masterful Stab+1"],"picked":"PiercingWail+1","floor":21.0},{"not_picked":["Finisher+1","Underhanded Strike+1"],"picked":"Glass Knife+1","floor":23},{"not_picked":["Well Laid Plans+1","Dagger Throw+1"],"picked":"Deflect+1","floor":25},{"not_picked":["Blade Dance+1","Backflip+1","Phantasmal Killer+1"],"picked":"Deadly Poison+1","floor":27},{"not_picked":["Finisher+1","Dagger Throw+1","Leg Sweep+1"],"picked":"Acrobatics+1","floor":29},{"not_picked":["Dagger Throw+1","Deadly Poison+1","Outmaneuver+1","Slice+1"],"picked":"SKIP","floor":30},{"not_picked":["Tactician+1","Blade Dance+1","Cloak And Dagger+1"],"picked":"Footwork+1","floor":31},{"not_picked":["Bullet Time+1","Tools of the Trade+1","Phantasmal Killer+1"],"picked":"Wraith Form v2+1","floor":33},{"not_picked":["Backflip+1","Dodge and Roll+1","Dagger Spray+1"],"picked":"Blur+1","floor":35},{"not_picked":["Cloak And Dagger+1","Deflect+1","Blade Dance+1"],"picked":"Reflex+1","floor":36},{"not_picked":["Footwork+1","Eviscerate+1","Bane+1"],"picked":"Bouncing Flask+1","floor":39},{"not_picked":["Underhanded Strike+1","Poisoned Stab+1","Flying Knee+1"],"picked":"Malaise+1","floor":42},{"not_picked":["Backflip+1","Expertise+1","Well Laid Plans+1","Dagger Throw+1"],"picked":"SKIP","floor":46},{"not_picked":["Slice+1","All Out Attack+1","Noxious Fumes+1"],"picked":"Blur+1","floor":47},{"not_picked":["All Out Attack+1","Bane+1","Backflip+1","Dagger Throw+1"],"picked":"SKIP","floor":48}],"player_experience":5606502,"relics_obtained":[{"floor":6.0,"key":"Ice Cream"},{"floor":9.0,"key":"Frozen Egg 2"},{"floor":10.0,"key":"Toxic Egg 2"},{"floor":13.0,"key":"Gremlin Horn"},{"floor":20.0,"key":"Vajra"},{"floor":23,"key":"Molten Egg 2"},{"floor":25,"key":"Centennial Puzzle"},{"floor":26,"key":"Question Card"},{"floor":27,"key":"Ornamental Fan"},{"floor":37,"key":"Unceasing Top"},{"floor":42,"key":"Pantograph"},{"floor":43,"key":"White Beast Statue"},{"floor":48,"key":"Shuriken"}],"event_choices":[{"damage_healed":0,"gold_gain":0,"cards_transformed":["Strike_G","Strike_G"],"player_choice":"Became Test Subject","damage_taken":0,"max_hp_gain":0,"max_hp_loss":0,"event_name":"Drug Dealer","floor":28,"gold_loss":0,"cards_obtained":["Poisoned Stab","Leg Sweep"]},{"damage_healed":0,"gold_gain":0,"player_choice":"Fight","damage_taken":0,"max_hp_gain":0,"max_hp_loss":0,"event_name":"Mysterious Sphere","floor":37,"gold_loss":0},{"damage_healed":0,"gold_gain":0,"player_choice":"Damaged","damage_taken":10,"max_hp_gain":0,"max_hp_loss":0,"event_name":"Wheel of Change","floor":44,"gold_loss":0}],"is_beta":false,"boss_relics":[{"not_picked":["Ring of the Serpent","Black Star"],"picked":"Philosopher\u0027s Stone"},{"not_picked":["Runic Pyramid","Snecko Eye"],"picked":"Coffee Dripper"}],"items_purged_floors":[22,38],"is_endless":false,"potions_floor_spawned":[1,8,13,14,18,23,27,29,33,36,37,46,47,48],"ascension_level":15}