{"gold_per_floor":[112,187,202,220,220,245,245,263,263,275,309,320,336,368,368,439,439,458,458,473,491,12,46,46,73,73,92,92,109,139,157,157,230,230,247,297,316,334,73,73,73,84,111,111,17,45,45,75,75,75],"floor_reached":51,"playtime":3791,"items_purged":["Strike_G","Strike_G","Strike_G"],"score":1643,"play_id":"938e6afd-6bb1-4f93-94b3-312ad71fe292","local_time":"20230604224345","is_ascension_mode":true,"campfire_choices":[{"floor":7.0,"key":"REST"},{"data":"Caltrops","floor":15.0,"key":"SMITH"},{"floor":24.0,"key":"REST"},{"data":"Calculated Gamble","floor":28.0,"key":"SMITH"},{"data":"Noxious Fumes","floor":32.0,"key":"SMITH"},{"data":"Well Laid Plans","floor":40,"key":"SMITH"},{"data":"Accuracy","floor":44,"key":"SMITH"},{"data":"Calculated Gamble","floor":47,"key":"SMITH"},{"data":"Acrobatics","floor":49,"key":"SMITH"}],"neow_cost":"PERCENT_DAMAGE","seed_source_timestamp":187872484552700,"circlet_count":0,"master_deck":["AscendersBane","Strike_G","Strike_G","Defend_G","Defend_G","Defend_G","Defend_G","Defend_G","Survivor","Neutralize","Quick Slash","PiercingWail+1","Noxious Fumes+1","Caltrops+1","Predator","Skewer","Blade Dance","Deflect","Calculated Gamble+1","Die Die Die","Blade Dance+1","Acrobatics","Blur","Well Laid Plans+1","Prepared","Escape Plan","Tools of the Trade","Corpse Explosion","Acrobatics+1","Accuracy+1","Tactician","Calculated Gamble+1"],"special_seed":0,"relics":["Ring of the Snake","FossilizedHelix","HornCleat","The Courier","Gambling Chip","Sozu","Tough Bandages","Bag of Marbles","Bronze Scales","Peace Pipe","Sundial","Incense Burner","Coffee Dripper","Membership Card","War Paint","Juzu Bracelet","Boot","Nunchaku","Toy Ornithopter"],"potions_floor_usage":[],"damage_taken":[{"damage":0.0,"enemies":"Small Slimes","floor":1.0,"turns":4.0},{"damage":0.0,"enemies":"2 Louse","floor":3.0,"turns":2.0},{"damage":0.0,"enemies":"Cultist","floor":4.0,"turns":4.0},{"damage":10.0,"enemies":"Lagavulin","floor":6.0,"turns":6.0},{"damage":0.0,"enemies":"Looter","floor":8.0,"turns":5.0},{"damage":0.0,"enemies":"Blue Slaver","floor":10.0,"turns":4.0},{"damage":7.0,"enemies":"3 Sentries","floor":11.0,"turns":8.0},{"damage":4.0,"enemies":"Gremlin Gang","floor":12.0,"turns":4.0},{"damage":0.0,"enemies":"Looter","floor":13.0,"turns":4.0},{"damage":25.0,"enemies":"Lagavulin","floor":14.0,"turns":10.0},{"damage":34.0,"enemies":"The Guardian","floor":16.0,"turns":13.0},{"damage":0.0,"enemies":"Shell Parasite","floor":18.0,"turns":5.0},{"damage":0.0,"enemies":"Chosen","floor":20.0,"turns":5.0},{"damage":10.0,"enemies":"3 Cultists","floor":21.0,"turns":4.0},{"damage":16.0,"enemies":"Gremlin Leader","floor":23.0,"turns":6.0},{"damage":0.0,"enemies":"Book of Stabbing","floor":25.0,"turns":5.0},{"damage":9.0,"enemies":"Centurion and Healer","floor":27.0,"turns":8.0},{"damage":0.0,"enemies":"Cultist and Chosen","floor":29.0,"turns":7.0},{"damage":0.0,"enemies":"Gremlin Leader","floor":30.0,"turns":6.0},{"damage":0.0,"enemies":"Shelled Parasite and Fungi","floor":31.0,"turns":4.0},{"damage":0.0,"enemies":"Automaton","floor":33.0,"turns":12.0},{"damage":0,"enemies":"3 Shapes","floor":35,"turns":3},{"damage":0,"enemies":"3 Darklings","floor":37,"turns":3},{"damage":0,"enemies":"Jaw Worm Horde","floor":38,"turns":2},{"damage":0,"enemies":"Sphere and 2 Shapes","floor":42,"turns":4},{"damage":0,"enemies":"Giant Head","floor":46,"turns":8},{"damage":0,"enemies":"Reptomancer","floor":48,"turns":5},{"damage":0,"enemies":"Awakened One","floor":50,"turns":11}],"seed_played":"5176390217415082090","potions_obtained":[{"floor":4.0,"key":"AttackPotion"},{"floor":5.0,"key":"SkillPotion"},{"floor":6.0,"key":"Ancient Potion"},{"floor":8.0,"key":"BlessingOfTheForge"},{"floor":11.0,"key":"Regen Potion"},{"floor":12.0,"key":"Regen Potion"},{"floor":16.0,"key":"SkillPotion"}],"is_trial":false,"path_per_floor":["M","?","M","M","?","E","R","M","T","M","E","M","M","E","R","B",null,"M","?","M","M","$","E","R","E","T","M","R","M","E","M","R","B",null,"M","?","M","M","$","R","?","M","T","R","$","E","R","E","R","B",null],"character_chosen":"THE_SILENT","basemod:card_modifiers":[null,null,null,null,null,null,null,null,null,null,null,null,null,null,null,null,null,null,null,null,null,null,null,null,null,null,null,null,null,null,null,null],"items_purchased":["Tough Bandages","Bag of Marbles","Well Laid Plans","Membership Card","Accuracy","War Paint","Calculated Gamble"],"campfire_rested":2,"item_purchase_floors":[22,22,22,39,39,39,45],"current_hp_per_floor":[44,33,33,33,33,23,42,42,42,42,35,31,31,53,53,19,54,54,54,54,44,44,28,47,47,47,38,38,38,38,38,38,38,59,59,59,59,59,59,59,59,59,59,59,59,59,59,59,59,59],"gold":75,"neow_bonus":"ONE_RARE_RELIC","is_prod":false,"is_daily":false,"chose_seed":false,"campfire_upgraded":7,"win_rate":0,"timestamp":1685943825,"path_taken":["M","?","M","M","?","E","R","M","T","M","E","M","?","E","R","BOSS","M","?","M","M","$","E","R","E","T","M","R","M","E","M","R","BOSS","M","?","?","M","$","R","?","M","T","R","$","E","R","E","R","BOSS"],"build_version":"2022-12-18","purchased_purges":3,"victory":true,"max_hp_per_floor":[66,66,66,66,66,66,66,66,66,66,66,66,66,66,66,66,66,66,66,66,66,66,66,66,66,66,66,66,66,66,66,66,66,66,66,66,66,66,66,66,66,66,66,66,66,66,66,66,66,66],"relic_stats":{"counters":[28,162],"The Courier":444,"Juzu Bracelet":0,"War Paint":["Blade Dance","PiercingWail"],"Boot":[19],"Sozu":8,"Peace Pipe":1,"Tough Bandages":[774],"Nunchaku":[7],"Sundial":[16],"Gambling Chip":[73],"Bronze Scales":[255],"Membership Card":444,"obtain_stats":[{"The Courier":11,"Incense Burner":30,"Juzu Bracelet":41,"War Paint":39,"Boot":43,"Sozu":17,"Peace Pipe":25,"Tough Bandages":22,"Nunchaku":46,"HornCleat":9,"Sundial":26,"Gambling Chip":14,"Bronze Scales":23,"Bag of Marbles":22,"Coffee Dripper":34,"Membership Card":39,"FossilizedHelix":0,"Toy Ornithopter":48,"Ring of the Snake":0},{"The Courier":7,"Incense Burner":19,"Juzu Bracelet":24,"War Paint":24,"Boot":25,"Sozu":11,"Peace Pipe":16,"Tough Bandages":14,"Nunchaku":26,"HornCleat":5,"Sundial":16,"Gambling Chip":10,"Bronze Scales":15,"Bag of Marbles":14,"Coffee Dripper":21,"Membership Card":24,"FossilizedHelix":0,"Toy Ornithopter":27,"Ring of the Snake":0},{"The Courier":33,"Incense Burner":110,"Juzu Bracelet":134,"War Paint":134,"Boot":138,"Sozu":64,"Peace Pipe":89,"Tough Bandages":78,"Nunchaku":146,"HornCleat":21,"Sundial":89,"Gambling Chip":51,"Bronze Scales":84,"Bag of Marbles":78,"Coffee Dripper":126,"Membership Card":134,"FossilizedHelix":0,"Toy Ornithopter":151,"Ring of the Snake":0}],"FossilizedHelix":[227],"Toy Ornithopter":0,"Ring of the Snake":[56]},"card_choices":[{"not_picked":["Acrobatics","Calculated Gamble"],"picked":"Quick Slash","floor":1.0},{"not_picked":["Reflex","Setup"],"picked":"PiercingWail","floor":3.0},{"not_picked":["Flying Knee","Deflect"],"picked":"Noxious Fumes","floor":4.0},{"not_picked":["Infinite Blades","Finisher"],"picked":"Caltrops","floor":6.0},{"not_picked":["Eviscerate","Backstab"],"picked":"Predator","floor":8.0},{"not_picked":["Flying Knee","Choke"],"picked":"Skewer","floor":10.0},{"not_picked":["Poisoned Stab","Terror"],"picked":"Blade Dance","floor":11.0},{"not_picked":["Concentrate","Poisoned Stab"],"picked":"Deflect","floor":12.0},{"not_picked":["Underhanded Strike","Tactician"],"picked":"Calculated Gamble","floor":13.0},{"not_picked":["Masterful Stab","Endless Agony","Doppelganger"],"picked":"SKIP","floor":14.0},{"not_picked":["Grand Finale","A Thousand Cuts"],"picked":"Die Die Die","floor":16.0},{"not_picked":["Reflex","Masterful Stab","Catalyst"],"picked":"SKIP","floor":18.0},{"not_picked":["Outmaneuver","Skewer"],"picked":"Acrobatics","floor":20.0},{"not_picked":["Riddle With Holes","All Out Attack"],"picked":"Blur","floor":21.0},{"not_picked":["Poisoned Stab","Setup+1","Dash"],"picked":"SKIP","floor":23.0},{"not_picked":["Poisoned Stab","Bane"],"picked":"Prepared","floor":25.0},{"not_picked":["Sucker Punch","Acrobatics"],"picked":"Escape Plan","floor":27.0},{"not_picked":["Sucker Punch","Noxious Fumes+1","Dagger Spray"],"picked":"SKIP","floor":29.0},{"not_picked":["Deadly Poison","Prepared"],"picked":"Tools of the Trade","floor":30.0},{"not_picked":["Dagger Throw","Outmaneuver","Deflect"],"picked":"SKIP","floor":31.0},{"not_picked":["Venomology","Die Die Die"],"picked":"Corpse Explosion","floor":33.0},{"not_picked":["Choke","Outmaneuver"],"picked":"Acrobatics","floor":35},{"not_picked":["Finisher","Prepared","Cloak And Dagger"],"picked":"SKIP","floor":37},{"not_picked":["Prepared","Slice+1","Finisher+1"],"picked":"SKIP","floor":38},{"not_picked":["Dagger Throw+1","Cloak And Dagger"],"picked":"Tactician","floor":42},{"not_picked":["Prepared","Masterful Stab","Flying Knee"],"picked":"SKIP","floor":46},{"not_picked":["Expertise","Choke","All Out Attack"],"picked":"SKIP","floor":48}],"player_experience":5617002,"relics_obtained":[{"floor":9.0,"key":"HornCleat"},{"floor":11.0,"key":"The Courier"},{"floor":14.0,"key":"Gambling Chip"},{"floor":23.0,"key":"Bronze Scales"},{"floor":25.0,"key":"Peace Pipe"},{"floor":26.0,"key":"Sundial"},{"floor":30.0,"key":"Incense Burner"},{"floor":43,"key":"Boot"},{"floor":46,"key":"Nunchaku"},{"floor":48,"key":"Toy Ornithopter"}],"event_choices":[{"damage_healed":0.0,"max_hp_gain":0.0,"max_hp_loss":0.0,"gold_gain":75.0,"event_name":"World of Goop","player_choice":"Gather Gold","floor":2.0,"gold_loss":0.0,"damage_taken":11.0},{"damage_healed":0.0,"max_hp_gain":0.0,"max_hp_loss":0.0,"gold_gain":0.0,"event_name":"Lab","player_choice":"Got Potions","floor":5.0,"gold_loss":0.0,"damage_taken":0.0},{"damage_healed":0.0,"max_hp_gain":0.0,"max_hp_loss":0.0,"gold_gain":0.0,"event_name":"The Library","player_choice":"Read","floor":19.0,"gold_loss":0.0,"damage_taken":0.0,"cards_obtained":["Blade Dance"]},{"damage_healed":0,"gold_gain":50,"player_choice":"Pray","damage_taken":0,"max_hp_gain":0,"max_hp_loss":0,"event_name":"Golden Shrine","floor":36,"gold_loss":0},{"damage_healed":0,"gold_gain":0,"player_choice":"Gave Potion","damage_taken":0,"relics_obtained":["Juzu Bracelet"],"max_hp_gain":0,"max_hp_loss":0,"event_name":"WeMeetAgain","floor":41,"gold_loss":0}],"is_beta":false,"boss_relics":[{"not_picked":["Black Star","Snecko Eye"],"picked":"Sozu"},{"not_picked":["Philosopher\u0027s Stone","Fusion Hammer"],"picked":"Coffee Dripper"}],"items_purged_floors":[22,39,45],"is_endless":false,"potions_floor_spawned":[4,6,8,11,12,16,18,25,27,29,31,35,42,46],"ascension_level":15}