{"gold_per_floor":[111,125,19,19,34,34,62,72,72,103,103,113,113,139,139,216,216,233,233,243,259,309,309,323,343,343,343,66,94,94,123,123,202,202,213,229,245,38,58,85,105,105,105,105,4,14,0,33,33,33],"floor_reached":51,"playtime":1883,"items_purged":["Strike_G","Crippling Poison","Strike_G+1"],"score":1417,"play_id":"c533cee2-26b4-4ffa-a20d-342d6f308336","local_time":"20230603172826","is_ascension_mode":true,"campfire_choices":[{"data":"Blade Dance","floor":6.0,"key":"SMITH"},{"data":"Cloak And Dagger","floor":11.0,"key":"SMITH"},{"data":"Neutralize","floor":13.0,"key":"SMITH"},{"data":"Sadistic Nature","floor":15.0,"key":"SMITH"},{"floor":23.0,"key":"REST"},{"data":"Malaise","floor":27.0,"key":"SMITH"},{"floor":30.0,"key":"REST"},{"data":"Cloak And Dagger","floor":32.0,"key":"SMITH"},{"data":"Blade Dance","floor":42,"key":"SMITH"},{"data":"Venomology","floor":44,"key":"SMITH"},{"floor":49,"key":"REST"}],"neow_cost":"TEN_PERCENT_HP_LOSS","seed_source_timestamp":84494421746100,"circlet_count":0,"master_deck":["AscendersBane","Defend_G","Defend_G","Defend_G","Defend_G","Defend_G","Survivor","Neutralize+1","Sadistic Nature+1","Blade Dance+1","PiercingWail","Dagger Spray+1","Flying Knee","Cloak And Dagger+1","Accuracy+1","PiercingWail","Envenom+1","Malaise+1","Cloak And Dagger+1","Tools of the Trade+1","Acrobatics+1","Well Laid Plans+1","Backstab","Wraith Form v2+1","Venomology+1","Phantasmal Killer+1","Catalyst+1","Outmaneuver+1","Deflect+1","Footwork+1","Blade Dance+1","Infinite Blades+1","Dodge and Roll","Underhanded Strike+1","PiercingWail+1"],"special_seed":0,"relics":["Ring of the Snake","Ancient Tea Set","Boot","Frozen Egg 2","Potion Belt","WristBlade","Ginger","Smiling Mask","Whetstone","Astrolabe","Lantern","Anchor","Meat on the Bone","Red Mask","Paper Crane"],"potions_floor_usage":[36,39,40,40,48,48,50,50,50,50,50,50,50,50],"damage_taken":[{"damage":1.0,"enemies":"Jaw Worm","floor":1.0,"turns":6.0},{"damage":0.0,"enemies":"Small Slimes","floor":2.0,"turns":4.0},{"damage":0.0,"enemies":"2 Louse","floor":5.0,"turns":2.0},{"damage":5.0,"enemies":"3 Sentries","floor":7.0,"turns":4.0},{"damage":10.0,"enemies":"Exordium Thugs","floor":8.0,"turns":4.0},{"damage":14.0,"enemies":"Lagavulin","floor":10.0,"turns":5.0},{"damage":0.0,"enemies":"Lots of Slimes","floor":12.0,"turns":2.0},{"damage":3.0,"enemies":"Gremlin Nob","floor":14.0,"turns":4.0},{"damage":28.0,"enemies":"The Guardian","floor":16.0,"turns":10.0},{"damage":0.0,"enemies":"Chosen","floor":18.0,"turns":3.0},{"damage":5.0,"enemies":"Shell Parasite","floor":20.0,"turns":4.0},{"damage":3.0,"enemies":"Snake Plant","floor":21.0,"turns":4.0},{"damage":3.0,"enemies":"Shelled Parasite and Fungi","floor":24.0,"turns":5.0},{"damage":6.0,"enemies":"Centurion and Healer","floor":25.0,"turns":5.0},{"damage":16.0,"enemies":"Book of Stabbing","floor":29.0,"turns":4.0},{"damage":0.0,"enemies":"Gremlin Leader","floor":31.0,"turns":4.0},{"damage":25.0,"enemies":"Automaton","floor":33.0,"turns":9.0},{"damage":13.0,"enemies":"3 Shapes","floor":35.0,"turns":6.0},{"damage":0,"enemies":"Orb Walker","floor":36,"turns":1},{"damage":1,"enemies":"Writhing Mass","floor":37,"turns":6},{"damage":0,"enemies":"3 Darklings","floor":39,"turns":5},{"damage":0,"enemies":"Nemesis","floor":40,"turns":1},{"damage":0,"enemies":"Jaw Worm Horde","floor":41,"turns":3},{"damage":0,"enemies":"Writhing Mass","floor":46,"turns":5},{"damage":10,"enemies":"Reptomancer","floor":48,"turns":6},{"damage":27,"enemies":"Donu and Deca","floor":50,"turns":6}],"seed_played":"-9187120698529590770","potions_obtained":[{"floor":1.0,"key":"SteroidPotion"},{"floor":8.0,"key":"AttackPotion"},{"floor":10.0,"key":"Weak Potion"},{"floor":16.0,"key":"FearPotion"},{"floor":25.0,"key":"Poison Potion"},{"floor":31.0,"key":"Regen Potion"},{"floor":33.0,"key":"FearPotion"},{"floor":35.0,"key":"FearPotion"},{"floor":40,"key":"SneckoOil"},{"floor":48,"key":"EntropicBrew"}],"is_trial":false,"path_per_floor":["M","M","$","?","M","R","E","M","T","E","R","M","R","E","R","B",null,"M","?","M","M","?","R","M","M","T","R","$","E","R","E","R","B",null,"M","M","M","$","M","E","M","R","T","R","$","M","?","E","R","B",null],"character_chosen":"THE_SILENT","basemod:card_modifiers":[null,null,null,null,null,null,null,null,null,null,null,null,null,null,null,null,null,null,null,null,null,null,null,null,null,null,null,null,null,null,null,null,null,null,null],"items_purchased":["Dagger Spray","Fire Potion","Fire Potion","Well Laid Plans+1","Backstab","Lantern","SteroidPotion"],"campfire_rested":3,"item_purchase_floors":[3,3,28,28,28,38,45],"current_hp_per_floor":[58,58,58,63,63,63,58,48,48,34,34,34,34,31,31,3,50,50,50,45,42,36,55,52,46,46,46,46,30,49,49,49,39,59,46,46,45,45,45,45,45,45,45,45,45,45,45,35,54,39],"gold":33,"neow_bonus":"RANDOM_COLORLESS_2","is_prod":false,"is_daily":false,"chose_seed":false,"campfire_upgraded":8,"win_rate":0,"timestamp":1685838506,"path_taken":["M","M","$","?","M","R","E","M","T","E","R","M","R","E","R","BOSS","M","?","M","M","?","R","M","?","T","R","$","E","R","E","R","BOSS","M","M","?","$","M","E","M","R","T","R","$","M","?","E","R","BOSS"],"build_version":"2022-12-18","purchased_purges":3,"victory":true,"max_hp_per_floor":[60,60,60,65,65,65,65,65,65,65,65,65,65,65,65,65,65,65,65,65,65,65,65,65,65,65,65,65,65,65,65,65,65,65,65,65,65,65,65,65,65,65,65,65,65,65,65,65,65,65],"relic_stats":{"counters":[26,118],"Astrolabe":["Phantasmal Killer","Catalyst","Outmaneuver"],"Ginger":[6],"Whetstone":["Strike_G","Dagger Spray"],"Ancient Tea Set":[18],"Boot":[50],"Smiling Mask":125,"obtain_stats":[{"Potion Belt":14,"Lantern":38,"Astrolabe":34,"Ginger":26,"Whetstone":31,"Frozen Egg 2":10,"Paper Crane":48,"Ancient Tea Set":7,"Boot":9,"Smiling Mask":29,"Anchor":40,"WristBlade":17,"Red Mask":47,"Ring of the Snake":0,"Meat on the Bone":43},{"Potion Belt":8,"Lantern":20,"Astrolabe":17,"Ginger":14,"Whetstone":16,"Frozen Egg 2":6,"Paper Crane":25,"Ancient Tea Set":4,"Boot":5,"Smiling Mask":15,"Anchor":22,"WristBlade":9,"Red Mask":24,"Ring of the Snake":0,"Meat on the Bone":23},{"Potion Belt":31,"Lantern":92,"Astrolabe":79,"Ginger":62,"Whetstone":70,"Frozen Egg 2":25,"Paper Crane":112,"Ancient Tea Set":16,"Boot":20,"Smiling Mask":66,"Anchor":98,"WristBlade":41,"Red Mask":106,"Ring of the Snake":0,"Meat on the Bone":101}],"Ring of the Snake":[52],"Meat on the Bone":12},"card_choices":[{"not_picked":["Secret Weapon","Transmutation"],"picked":"Sadistic Nature","floor":0.0},{"not_picked":["Infinite Blades","Crippling Poison"],"picked":"Blade Dance","floor":1.0},{"not_picked":["Prepared","Backflip"],"picked":"PiercingWail","floor":2.0},{"not_picked":["PiercingWail","Eviscerate"],"picked":"Crippling Poison","floor":5.0},{"not_picked":["Backflip","All Out Attack"],"picked":"Flying Knee","floor":7.0},{"not_picked":["Calculated Gamble","Slice"],"picked":"Cloak And Dagger","floor":8.0},{"not_picked":["Dagger Throw","Underhanded Strike"],"picked":"Accuracy+1","floor":10.0},{"not_picked":["Eviscerate","Poisoned Stab"],"picked":"PiercingWail","floor":12.0},{"not_picked":["Blade Dance","Sucker Punch"],"picked":"Envenom+1","floor":14.0},{"not_picked":["Glass Knife","Grand Finale"],"picked":"Malaise","floor":16.0},{"not_picked":["Flying Knee+1","Flechettes+1","Distraction"],"picked":"SKIP","floor":18.0},{"not_picked":["Quick Slash","Deflect"],"picked":"Cloak And Dagger","floor":20.0},{"not_picked":["Poisoned Stab","Escape Plan"],"picked":"Tools of the Trade+1","floor":21.0},{"not_picked":["All Out Attack","Prepared"],"picked":"Acrobatics+1","floor":24.0},{"not_picked":["Riddle With Holes","Deadly Poison","Dagger Spray"],"picked":"SKIP","floor":25.0},{"not_picked":["Sucker Punch","Endless Agony","Outmaneuver"],"picked":"SKIP","floor":29.0},{"not_picked":["Deadly Poison+1","Calculated Gamble"],"picked":"Wraith Form v2+1","floor":31.0},{"not_picked":["Wraith Form v2+1","Storm of Steel"],"picked":"Venomology","floor":33.0},{"not_picked":["Outmaneuver","Slice+1"],"picked":"Deflect+1","floor":35.0},{"not_picked":["Choke","Dash+1"],"picked":"Footwork+1","floor":36},{"not_picked":["Quick Slash+1","Wraith Form v2+1","Slice"],"picked":"SKIP","floor":37},{"not_picked":["Bane","Flying Knee"],"picked":"Blade Dance","floor":39},{"not_picked":["Deflect+1","Deadly Poison"],"picked":"Infinite Blades+1","floor":40},{"not_picked":["PiercingWail","Outmaneuver"],"picked":"Dodge and Roll","floor":41},{"not_picked":["Prepared","Sucker Punch"],"picked":"Underhanded Strike+1","floor":46},{"not_picked":["Bane+1","Deflect"],"picked":"PiercingWail+1","floor":48}],"player_experience":5611271,"relics_obtained":[{"floor":7.0,"key":"Ancient Tea Set"},{"floor":9.0,"key":"Boot"},{"floor":10.0,"key":"Frozen Egg 2"},{"floor":14.0,"key":"Potion Belt"},{"floor":26.0,"key":"Ginger"},{"floor":29.0,"key":"Smiling Mask"},{"floor":31.0,"key":"Whetstone"},{"floor":40,"key":"Anchor"},{"floor":43,"key":"Meat on the Bone"},{"floor":48,"key":"Paper Crane"}],"event_choices":[{"damage_healed":0.0,"max_hp_gain":5.0,"max_hp_loss":0.0,"gold_gain":0.0,"event_name":"Big Fish","player_choice":"Donut","floor":4.0,"gold_loss":0.0,"damage_taken":0.0},{"damage_healed":0.0,"max_hp_gain":0.0,"max_hp_loss":0.0,"gold_gain":0.0,"event_name":"Ghosts","player_choice":"Ignored","floor":19.0,"gold_loss":0.0,"damage_taken":0.0},{"damage_healed":0.0,"max_hp_gain":0.0,"max_hp_loss":0.0,"gold_gain":50.0,"event_name":"FaceTrader","player_choice":"Touch","floor":22.0,"gold_loss":0.0,"damage_taken":6.0},{"damage_healed":0,"gold_gain":0,"player_choice":"Paid","damage_taken":0,"relics_obtained":["Red Mask"],"max_hp_gain":0,"max_hp_loss":0,"event_name":"Tomb of Lord Red Mask","floor":47,"gold_loss":14}],"is_beta":false,"boss_relics":[{"not_picked":["Tiny House","Pandora\u0027s Box"],"picked":"WristBlade"},{"not_picked":["Velvet Choker","SacredBark"],"picked":"Astrolabe"}],"items_purged_floors":[28,38,45],"is_endless":false,"potions_floor_spawned":[1,8,10,16,25,31,33,35,40,46,48],"ascension_level":15}