{"gold_per_floor":[368,20,52,52,111,158,197,266,266,266,87,87,154,220,220,323,323,339,415,134,134,154,154,233,158,158,158,194,253,266,302,302,398,398,408,453,492,714,0,31,31,63,63,63,113,113,158,187,187,187],"floor_reached":51,"playtime":2545,"items_purged":["Strike_G","Strike_G","Strike_G","Flying Knee"],"score":1577,"play_id":"c9c2c703-4150-485e-8ce3-a9011f8c239a","local_time":"20230615190015","is_ascension_mode":true,"campfire_choices":[{"data":"HandOfGreed","floor":10.0,"key":"SMITH"},{"data":"Neutralize","floor":15.0,"key":"SMITH"},{"data":"Accuracy","floor":23.0,"key":"SMITH"},{"data":"Footwork","floor":27.0,"key":"SMITH"},{"data":"Caltrops","floor":32.0,"key":"SMITH"},{"data":"Well Laid Plans","floor":41,"key":"SMITH"},{"data":"PiercingWail","floor":44,"key":"SMITH"},{"data":"Survivor","floor":49,"key":"SMITH"}],"neow_cost":"TEN_PERCENT_HP_LOSS","seed_source_timestamp":0,"circlet_count":0,"master_deck":["AscendersBane","Defend_G","Defend_G+1","Defend_G+1","Defend_G","Defend_G","Survivor+1","Neutralize+1","HandOfGreed+1","Dagger Throw","PiercingWail+1","Bouncing Flask+1","Blade Dance+1","Leg Sweep+1","Corpse Explosion+1","CurseOfTheBell","Deflect+1","Reflex+1","Terror+1","Footwork+1","Accuracy+1","Caltrops+1","Dodge and Roll+1","Escape Plan+1","Tactician+1","Acrobatics+1","Doppelganger+1","Adrenaline+1","Cloak And Dagger+1","Well Laid Plans+1","Backflip+1","Dodge and Roll+1","Prepared+1"],"special_seed":0,"relics":["Ring of the Snake","Eternal Feather","Sundial","Toxic Egg 2","Matryoshka","Calling Bell","Pantograph","CaptainsWheel","War Paint","Red Mask","Molten Egg 2","Question Card","Art of War","Unceasing Top","Coffee Dripper","The Specimen","Paper Crane","Incense Burner","Orichalcum","Lantern","Happy Flower","Kunai","Tough Bandages","Ornamental Fan"],"potions_floor_usage":[36,50,50],"damage_taken":[{"damage":0.0,"enemies":"2 Louse","floor":1.0,"turns":4.0},{"damage":1.0,"enemies":"Jaw Worm","floor":3.0,"turns":6.0},{"damage":5.0,"enemies":"Small Slimes","floor":5.0,"turns":7.0},{"damage":11.0,"enemies":"Lagavulin","floor":6.0,"turns":6.0},{"damage":4.0,"enemies":"Looter","floor":7.0,"turns":4.0},{"damage":17.0,"enemies":"3 Sentries","floor":8.0,"turns":8.0},{"damage":0.0,"enemies":"2 Fungi Beasts","floor":13.0,"turns":4.0},{"damage":2.0,"enemies":"3 Louse","floor":14.0,"turns":6.0},{"damage":12.0,"enemies":"Hexaghost","floor":16.0,"turns":10.0},{"damage":7.0,"enemies":"Spheric Guardian","floor":18.0,"turns":7.0},{"damage":17.0,"enemies":"Masked Bandits","floor":19.0,"turns":5.0},{"damage":1.0,"enemies":"Shell Parasite","floor":22.0,"turns":4.0},{"damage":15.0,"enemies":"Slavers","floor":24.0,"turns":7.0},{"damage":5.0,"enemies":"Sentry and Sphere","floor":28.0,"turns":5.0},{"damage":1.0,"enemies":"Book of Stabbing","floor":29.0,"turns":5.0},{"damage":0.0,"enemies":"3 Cultists","floor":30.0,"turns":3.0},{"damage":0.0,"enemies":"Snake Plant","floor":31.0,"turns":5.0},{"damage":4.0,"enemies":"Automaton","floor":33.0,"turns":9.0},{"damage":1,"enemies":"3 Darklings","floor":35,"turns":3},{"damage":2,"enemies":"2 Orb Walkers","floor":36,"turns":4},{"damage":0,"enemies":"Orb Walker","floor":37,"turns":4},{"damage":35,"enemies":"Reptomancer","floor":40,"turns":6},{"damage":0,"enemies":"Giant Head","floor":42,"turns":7},{"damage":12,"enemies":"Mind Bloom Boss Battle","floor":45,"turns":5},{"damage":0,"enemies":"Sphere and 2 Shapes","floor":47,"turns":6},{"damage":0,"enemies":"Reptomancer","floor":48,"turns":5},{"damage":0,"enemies":"Donu and Deca","floor":50,"turns":7}],"seed_played":"4780101982043729538","potions_obtained":[{"floor":6.0,"key":"AttackPotion"},{"floor":8.0,"key":"Block Potion"},{"floor":13.0,"key":"Weak Potion"},{"floor":24.0,"key":"Explosive Potion"},{"floor":29.0,"key":"DuplicationPotion"},{"floor":31.0,"key":"CultistPotion"},{"floor":33.0,"key":"Explosive Potion"},{"floor":36,"key":"LiquidBronze"}],"is_trial":false,"path_per_floor":["M","$","M","?","M","E","M","E","T","R","$","?","M","M","R","B",null,"M","?","$","?","M","R","E","?","T","R","M","E","M","M","R","B",null,"M","?","M","?","$","E","R","E","T","R","?","?","M","E","R","B",null],"character_chosen":"THE_SILENT","basemod:card_modifiers":[null,null,null,null,null,null,null,null,null,null,null,null,null,null,null,null,null,null,null,null,null,null,null,null,null,null,null,null,null,null,null,null,null],"items_purchased":["HandOfGreed","Dagger Throw","Fire Potion","Bouncing Flask+1","Terror+1","Footwork","Fire Potion","Paper Crane","Incense Burner"],"campfire_rested":0,"item_purchase_floors":[2,2,2,11,20,20,20,39,39],"current_hp_per_floor":[59,59,58,58,53,42,38,21,21,30,30,12,12,10,19,7,47,40,23,23,23,22,37,22,22,22,37,32,31,31,31,46,56,59,58,56,56,56,56,21,39,39,39,57,48,48,48,48,57,57],"gold":187,"neow_bonus":"TWO_FIFTY_GOLD","is_prod":false,"is_daily":false,"chose_seed":false,"campfire_upgraded":8,"win_rate":0,"timestamp":1686880815,"path_taken":["M","$","M","?","M","E","M","E","T","R","$","?","M","M","R","BOSS","M","?","$","?","M","R","E","?","T","R","M","E","M","M","R","BOSS","M","?","M","?","$","E","R","E","T","R","?","?","M","E","R","BOSS"],"build_version":"2022-12-18","purchased_purges":4,"victory":true,"max_hp_per_floor":[60,60,60,60,60,60,60,60,60,60,60,60,60,60,60,60,60,60,60,60,60,60,60,60,60,60,60,60,60,60,60,60,60,60,60,60,60,60,60,60,60,60,60,60,60,57,57,57,57,57],"relic_stats":{"The Specimen":[22],"Happy Flower":[7],"counters":[27,152],"Eternal Feather":108,"War Paint":["Defend_G","Defend_G"],"Orichalcum":[12],"Question Card":13,"Tough Bandages":[60],"Matryoshka":2,"Sundial":[16],"Ornamental Fan":[16],"Pantograph":17,"Art of War":[17],"Kunai":[13],"obtain_stats":[{"Lantern":42,"The Specimen":36,"Happy Flower":43,"Eternal Feather":6,"Incense Burner":39,"War Paint":17,"Paper Crane":39,"Orichalcum":40,"Question Card":26,"Calling Bell":17,"CaptainsWheel":17,"Tough Bandages":45,"Matryoshka":12,"Sundial":8,"Ornamental Fan":48,"Pantograph":17,"Molten Egg 2":24,"Red Mask":19,"Art of War":26,"Coffee Dripper":34,"Kunai":43,"Toxic Egg 2":9,"Unceasing Top":29,"Ring of the Snake":0},{"Lantern":23,"The Specimen":20,"Happy Flower":23,"Eternal Feather":4,"Incense Burner":21,"War Paint":9,"Paper Crane":21,"Orichalcum":22,"Question Card":13,"Calling Bell":9,"CaptainsWheel":9,"Tough Bandages":24,"Matryoshka":6,"Sundial":6,"Ornamental Fan":26,"Pantograph":9,"Molten Egg 2":13,"Red Mask":11,"Art of War":13,"Coffee Dripper":18,"Kunai":23,"Toxic Egg 2":6,"Unceasing Top":15,"Ring of the Snake":0},{"Lantern":129,"The Specimen":112,"Happy Flower":129,"Eternal Feather":23,"Incense Burner":116,"War Paint":55,"Paper Crane":116,"Orichalcum":122,"Question Card":78,"Calling Bell":55,"CaptainsWheel":55,"Tough Bandages":134,"Matryoshka":35,"Sundial":35,"Ornamental Fan":145,"Pantograph":55,"Molten Egg 2":78,"Red Mask":67,"Art of War":78,"Coffee Dripper":105,"Kunai":129,"Toxic Egg 2":35,"Unceasing Top":88,"Ring of the Snake":0}],"Unceasing Top":[2],"Ring of the Snake":[54]},"card_choices":[{"not_picked":["Deadly Poison","Flechettes"],"picked":"Flying Knee","floor":1.0},{"not_picked":["Outmaneuver","Bane"],"picked":"PiercingWail","floor":3.0},{"not_picked":["Cloak And Dagger","Underhanded Strike","Riddle With Holes"],"picked":"SKIP","floor":5.0},{"not_picked":["Poisoned Stab","Distraction"],"picked":"Quick Slash","floor":6.0},{"not_picked":["Prepared","Accuracy","Quick Slash"],"picked":"SKIP","floor":7.0},{"not_picked":["Cloak And Dagger","Underhanded Strike","Eviscerate"],"picked":"SKIP","floor":8.0},{"not_picked":["Caltrops","Backflip+1"],"picked":"Blade Dance+1","floor":13.0},{"not_picked":["Backstab","Caltrops"],"picked":"Leg Sweep+1","floor":14.0},{"not_picked":["Night Terror+1","Unload"],"picked":"Corpse Explosion+1","floor":16.0},{"not_picked":["Dodge and Roll+1","Quick Slash"],"picked":"Deflect+1","floor":18.0},{"not_picked":["Night Terror+1","Predator"],"picked":"Reflex+1","floor":19.0},{"not_picked":["Underhanded Strike","Reflex+1"],"picked":"Dodge and Roll+1","floor":22.0},{"not_picked":["Quick Slash+1","Poisoned Stab+1"],"picked":"Escape Plan+1","floor":24.0},{"not_picked":["Outmaneuver+1","Bane+1","Noxious Fumes"],"picked":"Tactician+1","floor":28.0},{"not_picked":["Underhanded Strike+1","Leg Sweep+1","Outmaneuver+1"],"picked":"Acrobatics+1","floor":29.0},{"not_picked":["Sucker Punch+1","Quick Slash+1","Dodge and Roll+1","Bane+1"],"picked":"SKIP","floor":30.0},{"not_picked":["Quick Slash+1","Underhanded Strike+1","Sucker Punch+1"],"picked":"Doppelganger+1","floor":31.0},{"not_picked":["Venomology+1","Night Terror+1","Bullet Time+1"],"picked":"Adrenaline+1","floor":33.0},{"not_picked":["Poisoned Stab+1","Bouncing Flask+1","Deflect+1"],"picked":"Cloak And Dagger+1","floor":35},{"not_picked":["Flying Knee+1","Prepared+1","Acrobatics+1"],"picked":"Well Laid Plans","floor":36},{"not_picked":["Sucker Punch+1","Predator+1","Eviscerate+1","Outmaneuver+1"],"picked":"SKIP","floor":37},{"not_picked":["Choke+1","Caltrops","Riddle With Holes+1"],"picked":"Backflip+1","floor":40},{"not_picked":["Tactician+1","Escape Plan+1","Skewer+1","Envenom"],"picked":"SKIP","floor":42},{"not_picked":["Sucker Punch+1","Bane+1","Slice+1"],"picked":"Dodge and Roll+1","floor":45},{"not_picked":["Backstab+1","Riddle With Holes+1","Dagger Spray+1"],"picked":"Prepared+1","floor":47},{"not_picked":["Sucker Punch+1","Dagger Spray+1","Heel Hook+1","Deadly Poison+1"],"picked":"SKIP","floor":48}],"player_experience":5650316,"relics_obtained":[{"floor":6.0,"key":"Eternal Feather"},{"floor":8.0,"key":"Sundial"},{"floor":9.0,"key":"Toxic Egg 2"},{"floor":17.0,"key":"Pantograph"},{"floor":17.0,"key":"CaptainsWheel"},{"floor":17.0,"key":"War Paint"},{"floor":19.0,"key":"Red Mask"},{"floor":24.0,"key":"Molten Egg 2"},{"floor":26.0,"key":"Question Card"},{"floor":26.0,"key":"Art of War"},{"floor":29.0,"key":"Unceasing Top"},{"floor":36,"key":"The Specimen"},{"floor":40,"key":"Orichalcum"},{"floor":42,"key":"Lantern"},{"floor":43,"key":"Happy Flower"},{"floor":43,"key":"Kunai"},{"floor":45,"key":"Tough Bandages"},{"floor":48,"key":"Ornamental Fan"}],"event_choices":[{"damage_healed":0.0,"max_hp_gain":0.0,"max_hp_loss":0.0,"gold_gain":0.0,"event_name":"The Cleric","player_choice":"Leave","floor":4.0,"gold_loss":0.0,"damage_taken":0.0},{"damage_healed":0.0,"max_hp_gain":0.0,"max_hp_loss":0.0,"gold_gain":0.0,"event_name":"Scrap Ooze","player_choice":"Success","floor":12.0,"gold_loss":0.0,"damage_taken":18.0,"relics_obtained":["Matryoshka"]},{"damage_healed":0.0,"max_hp_gain":0.0,"max_hp_loss":0.0,"gold_gain":0.0,"event_name":"Masked Bandits","player_choice":"Fought Bandits","floor":19.0,"gold_loss":0.0,"damage_taken":0.0},{"damage_healed":0.0,"max_hp_gain":0.0,"max_hp_loss":0.0,"gold_gain":0.0,"cards_transformed":["Strike_G","Strike_G"],"event_name":"Drug Dealer","player_choice":"Became Test Subject","floor":21.0,"gold_loss":0.0,"damage_taken":0.0,"cards_obtained":["Accuracy","Caltrops"]},{"cards_removed":["Quick Slash"],"damage_healed":0.0,"max_hp_gain":0.0,"max_hp_loss":0.0,"gold_gain":0.0,"event_name":"Beggar","player_choice":"Gave Gold","floor":25.0,"gold_loss":75.0,"damage_taken":0.0},{"damage_healed":0,"gold_gain":0,"player_choice":"Fight","damage_taken":0,"max_hp_gain":0,"max_hp_loss":0,"event_name":"Mysterious Sphere","floor":36,"gold_loss":0},{"damage_healed":0,"gold_gain":222,"player_choice":"Wore Mask","damage_taken":0,"max_hp_gain":0,"max_hp_loss":0,"event_name":"Tomb of Lord Red Mask","floor":38,"gold_loss":0},{"damage_healed":0,"gold_gain":0,"player_choice":"Fight","damage_taken":0,"max_hp_gain":0,"max_hp_loss":0,"event_name":"MindBloom","floor":45,"gold_loss":0},{"damage_healed":0,"gold_gain":0,"player_choice":"Max HP","damage_taken":0,"max_hp_gain":0,"max_hp_loss":3,"event_name":"Winding Halls","floor":46,"gold_loss":0}],"is_beta":false,"boss_relics":[{"not_picked":["Velvet Choker","Empty Cage"],"picked":"Calling Bell"},{"not_picked":["Astrolabe","HoveringKite"],"picked":"Coffee Dripper"}],"items_purged_floors":[2,11,20,39],"is_endless":false,"potions_floor_spawned":[6,8,13,24,29,31,33,36,42],"ascension_level":15}