{"gold_per_floor":[110,110,11,21,38,38,55,87,87,120,132,132,57,88,88,162,162,182,195,195,195,195,226,226,239,239,239,258,284,284,284,284,359,359,372,386,191,205,205,205,222,249,249,282,31,62,62,32,32,32],"floor_reached":51,"playtime":2353,"items_purged":["Strike_G","Strike_G"],"score":1434,"play_id":"e5e4cc96-3a05-442c-95a9-68b62b8141b4","local_time":"20230610213316","is_ascension_mode":true,"campfire_choices":[{"data":"Poisoned Stab","floor":6.0,"key":"SMITH"},{"floor":12.0,"key":"REST"},{"data":"Noxious Fumes","floor":15.0,"key":"SMITH"},{"floor":24.0,"key":"REST"},{"data":"Adrenaline","floor":27.0,"key":"SMITH"},{"data":"Catalyst","floor":32.0,"key":"SMITH"},{"data":"Deadly Poison","floor":40,"key":"SMITH"},{"data":"Caltrops","floor":47,"key":"SMITH"},{"data":"Bullet Time","floor":49,"key":"SMITH"}],"neow_cost":"NONE","seed_source_timestamp":99399745750500,"circlet_count":0,"master_deck":["AscendersBane","Strike_G","Strike_G","Defend_G","Defend_G","Defend_G","Defend_G","Defend_G","Survivor","Neutralize","Poisoned Stab+1","Noxious Fumes+1","Bane","Deadly Poison+1","Quick Slash","Backstab","Backflip","Acrobatics","Predator","Adrenaline+1","Deflect+1","Catalyst+1","Dash","PiercingWail","Caltrops+1","After Image","Backflip","Bullet Time+1"],"special_seed":0,"relics":["Ring of the Snake","Tiny Chest","Bird Faced Urn","Bottled Flame","Matryoshka","Smiling Mask","Philosopher\u0027s Stone","Bag of Preparation","Bag of Marbles","Pear","Art of War","StrikeDummy","Lizard Tail","Nunchaku","Runic Pyramid","Toy Ornithopter","Blood Vial","MealTicket","Frozen Egg 2","Strange Spoon","Meat on the Bone"],"potions_floor_usage":[41,42,50,50,50,50],"damage_taken":[{"damage":2.0,"enemies":"Small Slimes","floor":1.0,"turns":4.0},{"damage":2.0,"enemies":"Jaw Worm","floor":4.0,"turns":4.0},{"damage":1.0,"enemies":"Cultist","floor":5.0,"turns":3.0},{"damage":17.0,"enemies":"Lots of Slimes","floor":7.0,"turns":5.0},{"damage":12.0,"enemies":"Lagavulin","floor":8.0,"turns":7.0},{"damage":10.0,"enemies":"3 Sentries","floor":10.0,"turns":7.0},{"damage":12.0,"enemies":"Large Slime","floor":11.0,"turns":6.0},{"damage":22.0,"enemies":"Lagavulin","floor":14.0,"turns":8.0},{"damage":9.0,"enemies":"Hexaghost","floor":16.0,"turns":8.0},{"damage":4.0,"enemies":"3 Byrds","floor":18.0,"turns":5.0},{"damage":16.0,"enemies":"Spheric Guardian","floor":19.0,"turns":5.0},{"damage":33.0,"enemies":"Gremlin Leader","floor":23.0,"turns":7.0},{"damage":9.0,"enemies":"Centurion and Healer","floor":25.0,"turns":7.0},{"damage":9.0,"enemies":"3 Cultists","floor":28.0,"turns":5.0},{"damage":12.0,"enemies":"Slavers","floor":29.0,"turns":4.0},{"damage":22.0,"enemies":"Champ","floor":33.0,"turns":10.0},{"damage":1.0,"enemies":"3 Darklings","floor":35.0,"turns":5.0},{"damage":0.0,"enemies":"3 Shapes","floor":36.0,"turns":5.0},{"damage":4.0,"enemies":"Maw","floor":38.0,"turns":6.0},{"damage":12,"enemies":"Writhing Mass","floor":41,"turns":6},{"damage":68,"enemies":"Giant Head","floor":42,"turns":9},{"damage":0,"enemies":"Nemesis","floor":44,"turns":5},{"damage":9,"enemies":"Reptomancer","floor":46,"turns":7},{"damage":30,"enemies":"Time Eater","floor":50,"turns":9}],"seed_played":"6117228759384063407","potions_obtained":[{"floor":7.0,"key":"CultistPotion"},{"floor":8.0,"key":"PowerPotion"},{"floor":10.0,"key":"EssenceOfSteel"},{"floor":19.0,"key":"Poison Potion"},{"floor":25.0,"key":"FairyPotion"},{"floor":28.0,"key":"SteroidPotion"},{"floor":35.0,"key":"EssenceOfSteel"},{"floor":36.0,"key":"EssenceOfSteel"},{"floor":41,"key":"AttackPotion"},{"floor":44,"key":"Weak Potion"},{"floor":48,"key":"EntropicBrew"}],"is_trial":false,"path_per_floor":["M","?","$","M","M","R","M","E","T","E","M","R","?","E","R","B",null,"M","M","?","T","?","E","R","M","T","R","M","E","?","T","R","B",null,"M","M","$","M","?","R","M","E","T","E","$","E","R","?","R","B",null],"character_chosen":"THE_SILENT","basemod:card_modifiers":[null,null,null,null,null,null,null,null,null,null,null,null,null,null,null,null,null,null,null,null,null,null,null,null,null,null,null,null],"items_purchased":["Noxious Fumes","Bane","Toy Ornithopter","PowerPotion","Strange Spoon"],"campfire_rested":2,"item_purchase_floors":[3,3,37,45,45],"current_hp_per_floor":[57,62,62,60,59,59,42,30,30,24,14,35,35,15,15,8,55,53,39,39,39,39,18,42,35,35,35,28,18,12,12,12,24,67,72,78,78,77,77,77,76,18,18,26,41,40,40,40,40,52],"gold":32,"neow_bonus":"RANDOM_COMMON_RELIC","is_prod":false,"is_daily":false,"chose_seed":false,"campfire_upgraded":7,"win_rate":0,"timestamp":1686457996,"path_taken":["M","?","$","M","M","R","M","E","T","E","M","R","?","E","R","BOSS","M","M","?","?","?","E","R","M","T","R","?","E","?","?","R","BOSS","M","?","$","M","?","R","M","E","T","E","$","E","R","?","R","BOSS"],"build_version":"2022-12-18","purchased_purges":2,"victory":true,"max_hp_per_floor":[66,71,71,71,71,71,71,71,71,71,71,71,71,71,71,71,71,71,71,71,71,71,81,81,81,81,81,81,81,81,81,81,81,81,81,81,81,81,81,81,81,81,81,81,81,81,81,81,81,81],"relic_stats":{"counters":[24,147],"Bag of Preparation":[26],"Smiling Mask":75,"Blood Vial":6,"Strange Spoon":[6],"Bottled Flame":"Poisoned Stab","Lizard Tail":0,"Nunchaku":[11],"Matryoshka":2,"Bird Faced Urn":[72],"Tiny Chest":2,"MealTicket":15,"Art of War":[16],"obtain_stats":[{"Pear":23,"Bag of Preparation":21,"Frozen Egg 2":44,"Smiling Mask":14,"Blood Vial":42,"Strange Spoon":45,"Bottled Flame":9,"Lizard Tail":29,"Nunchaku":31,"Matryoshka":10,"Bird Faced Urn":8,"Tiny Chest":0,"Philosopher\u0027s Stone":17,"MealTicket":43,"Bag of Marbles":21,"Art of War":26,"StrikeDummy":26,"Toy Ornithopter":37,"Ring of the Snake":0,"Runic Pyramid":34,"Meat on the Bone":46},{"Pear":12,"Bag of Preparation":11,"Frozen Egg 2":22,"Smiling Mask":8,"Blood Vial":21,"Strange Spoon":22,"Bottled Flame":5,"Lizard Tail":15,"Nunchaku":15,"Matryoshka":6,"Bird Faced Urn":5,"Tiny Chest":0,"Philosopher\u0027s Stone":9,"MealTicket":21,"Bag of Marbles":11,"Art of War":13,"StrikeDummy":13,"Toy Ornithopter":18,"Ring of the Snake":0,"Runic Pyramid":16,"Meat on the Bone":23},{"Pear":69,"Bag of Preparation":62,"Frozen Egg 2":131,"Smiling Mask":44,"Blood Vial":126,"Strange Spoon":131,"Bottled Flame":23,"Lizard Tail":85,"Nunchaku":85,"Matryoshka":30,"Bird Faced Urn":23,"Tiny Chest":0,"Philosopher\u0027s Stone":52,"MealTicket":126,"Bag of Marbles":62,"Art of War":76,"StrikeDummy":76,"Toy Ornithopter":105,"Ring of the Snake":0,"Runic Pyramid":95,"Meat on the Bone":138}],"Toy Ornithopter":30,"Ring of the Snake":[48],"Meat on the Bone":12},"card_choices":[{"not_picked":["Dodge and Roll","Reflex"],"picked":"Poisoned Stab","floor":1.0},{"not_picked":["Flying Knee","Crippling Poison"],"picked":"Deadly Poison","floor":4.0},{"not_picked":["Terror","Masterful Stab","Underhanded Strike"],"picked":"SKIP","floor":5.0},{"not_picked":["Sucker Punch","Bane"],"picked":"Quick Slash","floor":7.0},{"not_picked":["Backflip","Reflex"],"picked":"Backstab","floor":8.0},{"not_picked":["Flying Knee","Backstab"],"picked":"Backflip","floor":10.0},{"not_picked":["Bullet Time","Outmaneuver"],"picked":"Acrobatics","floor":11.0},{"not_picked":["Outmaneuver","Finisher"],"picked":"Predator","floor":14.0},{"not_picked":["Night Terror","Glass Knife"],"picked":"Adrenaline","floor":16.0},{"not_picked":["Backstab","Poisoned Stab"],"picked":"Deflect+1","floor":18.0},{"not_picked":["Flying Knee","Acrobatics"],"picked":"Catalyst","floor":19.0},{"not_picked":["Underhanded Strike","Deflect","Bane"],"picked":"SKIP","floor":23.0},{"not_picked":["Prepared","Quick Slash"],"picked":"Dash","floor":25.0},{"not_picked":["Bane","Slice"],"picked":"PiercingWail","floor":28.0},{"not_picked":["Catalyst","Blade Dance"],"picked":"Caltrops","floor":29.0},{"not_picked":["Storm of Steel","Doppelganger"],"picked":"After Image","floor":33.0},{"not_picked":["Heel Hook+1","Acrobatics","Deadly Poison"],"picked":"SKIP","floor":35.0},{"not_picked":["Bane","Infinite Blades","Sucker Punch"],"picked":"SKIP","floor":36.0},{"not_picked":["Eviscerate","Dagger Throw","Endless Agony+1"],"picked":"SKIP","floor":38.0},{"not_picked":["Reflex","Quick Slash","Blade Dance"],"picked":"SKIP","floor":41},{"not_picked":["Acrobatics","Doppelganger"],"picked":"Backflip","floor":42},{"not_picked":["Bane","Prepared","Dodge and Roll"],"picked":"SKIP","floor":44},{"not_picked":["Flying Knee","Die Die Die"],"picked":"Bullet Time","floor":46}],"player_experience":5637676,"relics_obtained":[{"floor":8.0,"key":"Bird Faced Urn"},{"floor":9.0,"key":"Bottled Flame"},{"floor":10.0,"key":"Matryoshka"},{"floor":14.0,"key":"Smiling Mask"},{"floor":21.0,"key":"Bag of Preparation"},{"floor":21.0,"key":"Bag of Marbles"},{"floor":23.0,"key":"Pear"},{"floor":26.0,"key":"Art of War"},{"floor":26.0,"key":"StrikeDummy"},{"floor":29.0,"key":"Lizard Tail"},{"floor":31.0,"key":"Nunchaku"},{"floor":42,"key":"Blood Vial"},{"floor":43,"key":"MealTicket"},{"floor":44,"key":"Frozen Egg 2"},{"floor":46,"key":"Meat on the Bone"}],"event_choices":[{"damage_healed":0.0,"max_hp_gain":5.0,"max_hp_loss":0.0,"gold_gain":0.0,"event_name":"Big Fish","player_choice":"Donut","floor":2.0,"gold_loss":0.0,"damage_taken":0.0},{"cards_removed":["Strike_G"],"damage_healed":0.0,"max_hp_gain":0.0,"max_hp_loss":0.0,"gold_gain":0.0,"event_name":"The Cleric","player_choice":"Card Removal","floor":13.0,"gold_loss":75.0,"damage_taken":0.0},{"damage_healed":0.0,"max_hp_gain":0.0,"max_hp_loss":0.0,"gold_gain":0.0,"event_name":"The Mausoleum","player_choice":"Ignored","floor":20.0,"gold_loss":0.0,"damage_taken":0.0},{"damage_healed":0.0,"max_hp_gain":0.0,"max_hp_loss":0.0,"gold_gain":0.0,"event_name":"Ghosts","player_choice":"Ignored","floor":22.0,"gold_loss":0.0,"damage_taken":0.0},{"damage_healed":0.0,"max_hp_gain":0.0,"max_hp_loss":0.0,"gold_gain":0.0,"event_name":"Knowing Skull","player_choice":"","floor":30.0,"potions_obtained":[],"gold_loss":0.0,"damage_taken":6.0,"cards_obtained":[]},{"damage_healed":0,"gold_gain":0,"player_choice":"Ignored","damage_taken":0,"max_hp_gain":0,"max_hp_loss":0,"event_name":"Mysterious Sphere","floor":39,"gold_loss":0},{"damage_healed":0,"gold_gain":0,"player_choice":"Bought 2 Potions","damage_taken":0,"max_hp_gain":0,"max_hp_loss":0,"event_name":"The Woman in Blue","floor":48,"gold_loss":0}],"is_beta":false,"boss_relics":[{"not_picked":["Tiny House","Black Star"],"picked":"Philosopher\u0027s Stone"},{"not_picked":["Snecko Eye","Sozu"],"picked":"Runic Pyramid"}],"items_purged_floors":[37,45],"is_endless":false,"potions_floor_spawned":[7,8,10,11,19,25,28,35,36,41,44],"ascension_level":15}