{"gold_per_floor":[110,127,0,15,34,34,60,80,80,92,123,123,123,27,27,101,101,113,36,49,69,69,94,94,127,127,140,165,165,165,184,184,184],"floor_reached":33,"playtime":1279,"items_purged":["Decay","Strike_G"],"score":555,"play_id":"7d3c0e8e-80e1-485c-a80e-85da390c0589","local_time":"20230616145837","is_ascension_mode":true,"campfire_choices":[{"data":"A Thousand Cuts","floor":6.0,"key":"SMITH"},{"floor":13.0,"key":"REST"},{"data":"Blade Dance","floor":15.0,"key":"SMITH"},{"floor":24.0,"key":"REST"},{"floor":30,"key":"REST"},{"floor":32,"key":"REST"}],"neow_cost":"CURSE","seed_source_timestamp":9268356005900,"circlet_count":0,"master_deck":["AscendersBane","Strike_G+1","Strike_G+1","Strike_G+1","Strike_G+1","Defend_G+1","Defend_G+1","Defend_G+1","Defend_G+1","Defend_G+1","Survivor","Neutralize","A Thousand Cuts+1","Slice","Underhanded Strike","Sucker Punch","Dodge and Roll","Dagger Throw","Poisoned Stab","Leg Sweep","Calculated Gamble","Blade Dance+1","Burst","Accuracy+1","Cloak And Dagger+1","After Image","PiercingWail+1","Footwork","Escape Plan"],"special_seed":0,"relics":["Ring of the Snake","Bottled Tornado","Smiling Mask","MealTicket","Sozu","Bottled Lightning","StrikeDummy","Gremlin Horn","Boot"],"potions_floor_usage":[],"damage_taken":[{"damage":4.0,"enemies":"Cultist","floor":1.0,"turns":4.0},{"damage":7.0,"enemies":"Jaw Worm","floor":2.0,"turns":5.0},{"damage":0.0,"enemies":"Small Slimes","floor":4.0,"turns":3.0},{"damage":6.0,"enemies":"Looter","floor":5.0,"turns":4.0},{"damage":20.0,"enemies":"Gremlin Nob","floor":7.0,"turns":4.0},{"damage":6.0,"enemies":"Lots of Slimes","floor":8.0,"turns":2.0},{"damage":3.0,"enemies":"2 Fungi Beasts","floor":10.0,"turns":3.0},{"damage":19.0,"enemies":"3 Sentries","floor":11.0,"turns":6.0},{"damage":23.0,"enemies":"The Guardian","floor":16.0,"turns":14.0},{"damage":7.0,"enemies":"3 Byrds","floor":18.0,"turns":2.0},{"damage":10.0,"enemies":"Chosen","floor":20.0,"turns":5.0},{"damage":16.0,"enemies":"Snecko","floor":21.0,"turns":4.0},{"damage":30.0,"enemies":"Slavers","floor":23.0,"turns":4.0},{"damage":9.0,"enemies":"Book of Stabbing","floor":25.0,"turns":7.0},{"damage":3.0,"enemies":"Snake Plant","floor":27.0,"turns":7.0},{"damage":8,"enemies":"Gremlin Leader","floor":28,"turns":5},{"damage":0,"enemies":"Shelled Parasite and Fungi","floor":31,"turns":7},{"damage":45,"enemies":"Champ","floor":33,"turns":10}],"seed_played":"-4613965591704273431","potions_obtained":[{"floor":4.0,"key":"Regen Potion"},{"floor":10.0,"key":"FearPotion"},{"floor":11.0,"key":"ColorlessPotion"}],"is_trial":false,"path_per_floor":["M","M","$","M","M","R","E","M","T","M","E","?","R","$","R","B",null,"M","$","M","M","?","E","R","E","T","M","E","?","R","M","R","B"],"character_chosen":"THE_SILENT","basemod:card_modifiers":[null,null,null,null,null,null,null,null,null,null,null,null,null,null,null,null,null,null,null,null,null,null,null,null,null,null,null,null,null],"items_purchased":["PowerPotion","Blade Dance","Accuracy"],"campfire_rested":4,"item_purchase_floors":[3,14,19],"current_hp_per_floor":[55,48,48,48,54,54,34,28,28,25,6,1,20,35,35,12,53,46,61,51,35,35,5,24,15,15,12,4,4,23,23,42,0],"gold":184,"neow_bonus":"THREE_RARE_CARDS","is_prod":false,"is_daily":false,"chose_seed":false,"campfire_upgraded":2,"win_rate":0,"timestamp":1686952717,"path_taken":["M","M","$","M","M","R","E","M","T","?","E","?","R","$","R","BOSS","M","$","M","M","?","E","R","E","T","M","E","?","R","?","R","BOSS"],"build_version":"2022-12-18","purchased_purges":2,"victory":false,"max_hp_per_floor":[66,66,66,66,66,66,66,66,66,66,66,66,66,66,66,66,66,66,66,66,66,66,66,66,66,66,66,66,66,66,66,66,66],"relic_stats":{"Sozu":3,"Gremlin Horn":[5,5],"counters":[18,96],"MealTicket":30,"Bottled Lightning":"Blade Dance","Bottled Tornado":"A Thousand Cuts","Smiling Mask":50,"Boot":[18],"obtain_stats":[{"Sozu":17,"Gremlin Horn":26,"MealTicket":11,"Bottled Lightning":23,"Bottled Tornado":7,"Smiling Mask":9,"StrikeDummy":25,"Boot":28,"Ring of the Snake":0},{"Sozu":9,"Gremlin Horn":14,"MealTicket":8,"Bottled Lightning":13,"Bottled Tornado":5,"Smiling Mask":6,"StrikeDummy":14,"Boot":16,"Ring of the Snake":0},{"Sozu":45,"Gremlin Horn":67,"MealTicket":31,"Bottled Lightning":60,"Bottled Tornado":20,"Smiling Mask":22,"StrikeDummy":67,"Boot":79,"Ring of the Snake":0}],"Ring of the Snake":[36]},"card_choices":[{"not_picked":["Envenom","Grand Finale"],"picked":"A Thousand Cuts","floor":0.0},{"not_picked":["Cloak And Dagger","Backflip"],"picked":"Slice","floor":1.0},{"not_picked":["Finisher","Skewer"],"picked":"Underhanded Strike","floor":2.0},{"not_picked":["Expertise","PiercingWail"],"picked":"Sucker Punch","floor":4.0},{"not_picked":["Setup","Concentrate"],"picked":"Dodge and Roll","floor":5.0},{"not_picked":["Dagger Spray","Poisoned Stab"],"picked":"Dagger Throw","floor":7.0},{"not_picked":["Outmaneuver","Backflip"],"picked":"Poisoned Stab","floor":8.0},{"not_picked":["Underhanded Strike","Terror"],"picked":"Leg Sweep","floor":10.0},{"not_picked":["Storm of Steel","Choke"],"picked":"Calculated Gamble","floor":11.0},{"not_picked":["Wraith Form v2","Envenom"],"picked":"Burst","floor":16.0},{"not_picked":["Bane","Catalyst","Deadly Poison"],"picked":"SKIP","floor":18.0},{"not_picked":["Riddle With Holes","Flying Knee","Sucker Punch"],"picked":"SKIP","floor":20.0},{"not_picked":["Dagger Spray","Infinite Blades"],"picked":"Cloak And Dagger+1","floor":21.0},{"not_picked":["Reflex","All Out Attack"],"picked":"After Image","floor":23.0},{"not_picked":["Underhanded Strike","Corpse Explosion"],"picked":"PiercingWail+1","floor":25.0},{"not_picked":["PiercingWail+1","Flying Knee"],"picked":"Footwork","floor":27.0},{"not_picked":["Dagger Throw","All Out Attack"],"picked":"Escape Plan","floor":28},{"not_picked":["Crippling Poison","Dash","Bane"],"picked":"SKIP","floor":31}],"player_experience":5654953,"relics_obtained":[{"floor":7.0,"key":"Bottled Tornado"},{"floor":9.0,"key":"Smiling Mask"},{"floor":11.0,"key":"MealTicket"},{"floor":23.0,"key":"Bottled Lightning"},{"floor":25.0,"key":"StrikeDummy"},{"floor":26.0,"key":"Gremlin Horn"},{"floor":28,"key":"Boot"}],"event_choices":[{"damage_healed":0.0,"max_hp_gain":0.0,"max_hp_loss":0.0,"gold_gain":0.0,"event_name":"Scrap Ooze","player_choice":"Fled","floor":12.0,"gold_loss":0.0,"damage_taken":5.0},{"damage_healed":0.0,"max_hp_gain":0.0,"max_hp_loss":0.0,"gold_gain":0.0,"event_name":"Back to Basics","player_choice":"Simplicity","floor":22.0,"gold_loss":0.0,"damage_taken":0.0,"cards_upgraded":["Strike_G","Strike_G","Strike_G","Strike_G","Defend_G","Defend_G","Defend_G","Defend_G","Defend_G"]},{"damage_healed":0,"gold_gain":0,"player_choice":"Forge","damage_taken":0,"max_hp_gain":0,"max_hp_loss":0,"event_name":"Accursed Blacksmith","floor":29,"gold_loss":0,"cards_upgraded":["Accuracy"]}],"is_beta":false,"boss_relics":[{"not_picked":["Runic Pyramid","Ectoplasm"],"picked":"Sozu"}],"items_purged_floors":[3,14],"is_endless":false,"potions_floor_spawned":[4,10,11,20,25,27],"killed_by":"Champ","ascension_level":15}