{"gold_per_floor":[210,64,64,83,96,96,131,151,177,202,202,202,202,225,225,321,321,344,394,417,442,64,64,82,116,139,64,64,89,125,146,146,239,239,259,318,318,331,67,101,101,140,167,190,190,224,238,269,281,293],"floor_reached":51,"playtime":2212,"items_purged":["Strike_G","Strike_G"],"score":1545,"play_id":"2d56a63a-af8a-41cf-be62-41d4aa22d557","local_time":"20230614174930","is_ascension_mode":true,"campfire_choices":[{"data":"Bouncing Flask","floor":6.0,"key":"SMITH"},{"floor":11.0,"key":"REST"},{"data":"Caltrops","floor":15.0,"key":"SMITH"},{"floor":23,"key":"REST"},{"floor":28,"key":"REST"},{"floor":32,"key":"REST"},{"floor":41,"key":"REST"},{"floor":45,"key":"REST"},{"floor":49,"key":"REST"}],"neow_cost":"NONE","seed_source_timestamp":0,"circlet_count":0,"master_deck":["AscendersBane","Strike_G","Defend_G","Defend_G","Defend_G+1","Defend_G","Defend_G","Survivor","Neutralize","Crippling Poison","Caltrops+1","Bouncing Flask+1","Bane","Blade Dance","Corpse Explosion","Calculated Gamble","Adrenaline+1","Prepared+1","Noxious Fumes+1","Deflect+1","PiercingWail","Backflip","Bullet Time","CurseOfTheBell","Backflip+1","Finesse","Calculated Gamble","Dodge and Roll+1","Blur","Quick Slash+1","Dodge and Roll+1"],"special_seed":0,"relics":["Ring of the Snake","Sling","Snake Skull","Nunchaku","Centennial Puzzle","Golden Idol","Fusion Hammer","TwistedFunnel","Happy Flower","MealTicket","Bag of Preparation","Ancient Tea Set","Calling Bell","Blue Candle","The Specimen","War Paint","Torii","Darkstone Periapt","Paper Crane","PreservedInsect","TungstenRod","MawBank"],"potions_floor_usage":[25,33,36,50,50],"damage_taken":[{"damage":7.0,"enemies":"Small Slimes","floor":1.0,"turns":4.0},{"damage":0.0,"enemies":"2 Louse","floor":4.0,"turns":3.0},{"damage":7.0,"enemies":"Jaw Worm","floor":5.0,"turns":8.0},{"damage":24.0,"enemies":"3 Sentries","floor":7.0,"turns":8.0},{"damage":9.0,"enemies":"Exordium Thugs","floor":8.0,"turns":4.0},{"damage":1.0,"enemies":"Gremlin Nob","floor":10.0,"turns":3.0},{"damage":0.0,"enemies":"Gremlin Gang","floor":14.0,"turns":1.0},{"damage":3.0,"enemies":"Hexaghost","floor":16.0,"turns":7.0},{"damage":4.0,"enemies":"Chosen","floor":18.0,"turns":4.0},{"damage":1.0,"enemies":"3 Byrds","floor":20.0,"turns":2.0},{"damage":24,"enemies":"Snake Plant","floor":21,"turns":3},{"damage":4,"enemies":"3 Cultists","floor":24,"turns":3},{"damage":5,"enemies":"Book of Stabbing","floor":25,"turns":4},{"damage":8,"enemies":"Snecko","floor":29,"turns":4},{"damage":0,"enemies":"Gremlin Leader","floor":30,"turns":4},{"damage":0,"enemies":"Sentry and Sphere","floor":31,"turns":3},{"damage":14,"enemies":"Collector","floor":33,"turns":6},{"damage":0,"enemies":"3 Shapes","floor":35,"turns":3},{"damage":47,"enemies":"2 Orb Walkers","floor":36,"turns":4},{"damage":1,"enemies":"3 Darklings","floor":38,"turns":3},{"damage":15,"enemies":"Reptomancer","floor":40,"turns":4},{"damage":16,"enemies":"Nemesis","floor":42,"turns":7},{"damage":21,"enemies":"Jaw Worm Horde","floor":44,"turns":4},{"damage":0,"enemies":"Reptomancer","floor":46,"turns":4},{"damage":0,"enemies":"4 Shapes","floor":47,"turns":4},{"damage":10,"enemies":"Giant Head","floor":48,"turns":6},{"damage":38,"enemies":"Awakened One","floor":50,"turns":13}],"seed_played":"2872242203176454784","potions_obtained":[{"floor":1.0,"key":"Block Potion"},{"floor":8.0,"key":"GhostInAJar"},{"floor":10.0,"key":"SneckoOil"},{"floor":16.0,"key":"AttackPotion"},{"floor":20.0,"key":"SteroidPotion"},{"floor":29,"key":"Swift Potion"},{"floor":33,"key":"LiquidBronze"},{"floor":35,"key":"Regen Potion"},{"floor":37,"key":"EntropicBrew"},{"floor":37,"key":"FairyPotion"}],"is_trial":false,"path_per_floor":["M","$","?","M","M","R","E","M","T","E","R","?","?","M","R","B",null,"M","?","M","M","$","R","M","E","T","?","R","M","E","M","R","B",null,"M","?","?","M","$","E","R","E","T","M","R","E","M","E","R","B",null],"character_chosen":"THE_SILENT","basemod:card_modifiers":[null,null,null,null,null,null,null,null,null,null,null,null,null,null,null,null,null,null,null,null,null,null,null,null,null,null,null,null,null,null,null],"items_purchased":["Sling","TwistedFunnel","Happy Flower","Finesse","Calculated Gamble"],"campfire_rested":7,"item_purchase_floors":[2,22,22,39,39],"current_hp_per_floor":[52,52,45,45,38,38,14,5,5,4,23,23,23,23,23,20,50,46,46,45,21,21,39,35,30,30,30,48,40,40,40,58,44,56,56,21,21,20,35,20,38,22,22,1,19,19,19,9,27,18],"gold":305,"neow_bonus":"HUNDRED_GOLD","is_prod":false,"is_daily":false,"chose_seed":false,"campfire_upgraded":2,"win_rate":0,"timestamp":1686790170,"path_taken":["M","$","?","M","M","R","E","M","T","E","R","?","?","M","R","BOSS","M","?","?","M","$","R","M","E","T","?","R","M","E","M","R","BOSS","M","?","?","M","$","E","R","E","T","?","R","E","M","E","R","BOSS"],"build_version":"2022-12-18","purchased_purges":2,"victory":true,"max_hp_per_floor":[66,66,66,66,66,66,66,66,66,66,66,66,60,60,60,60,60,60,60,60,60,60,60,60,60,60,60,60,60,60,60,60,60,60,60,60,60,60,60,60,60,60,60,60,60,60,60,60,60,60],"relic_stats":{"Darkstone Periapt":0,"Happy Flower":[25],"The Specimen":[72],"Torii":3,"counters":[27,123],"Golden Idol":160,"Blue Candle":[1],"Snake Skull":[308],"PreservedInsect":189,"Bag of Preparation":[28],"War Paint":["Adrenaline","Defend_G"],"Ancient Tea Set":[8],"MawBank":36,"Nunchaku":[15],"Centennial Puzzle":[45],"MealTicket":15,"obtain_stats":[{"TwistedFunnel":22,"Darkstone Periapt":40,"Happy Flower":22,"The Specimen":34,"Torii":36,"Golden Idol":13,"Blue Candle":34,"Snake Skull":7,"PreservedInsect":43,"Bag of Preparation":26,"War Paint":34,"Paper Crane":42,"Sling":2,"Ancient Tea Set":30,"MawBank":48,"Calling Bell":34,"Nunchaku":9,"Centennial Puzzle":10,"MealTicket":25,"Fusion Hammer":17,"TungstenRod":46,"Ring of the Snake":0},{"TwistedFunnel":11,"Darkstone Periapt":21,"Happy Flower":11,"The Specimen":17,"Torii":19,"Golden Idol":6,"Blue Candle":17,"Snake Skull":4,"PreservedInsect":22,"Bag of Preparation":13,"War Paint":17,"Paper Crane":22,"Sling":1,"Ancient Tea Set":15,"MawBank":26,"Calling Bell":17,"Nunchaku":5,"Centennial Puzzle":6,"MealTicket":13,"Fusion Hammer":8,"TungstenRod":24,"Ring of the Snake":0},{"TwistedFunnel":47,"Darkstone Periapt":85,"Happy Flower":47,"The Specimen":71,"Torii":78,"Golden Idol":30,"Blue Candle":71,"Snake Skull":23,"PreservedInsect":92,"Bag of Preparation":54,"War Paint":71,"Paper Crane":92,"Sling":4,"Ancient Tea Set":62,"MawBank":110,"Calling Bell":71,"Nunchaku":27,"Centennial Puzzle":30,"MealTicket":54,"Fusion Hammer":38,"TungstenRod":100,"Ring of the Snake":0}],"TungstenRod":5,"Ring of the Snake":[54]},"card_choices":[{"not_picked":["Sucker Punch","Riddle With Holes"],"picked":"Crippling Poison","floor":1.0},{"not_picked":["Crippling Poison","Flechettes"],"picked":"Caltrops","floor":4.0},{"not_picked":["Skewer","Quick Slash"],"picked":"Bouncing Flask","floor":5.0},{"not_picked":["Calculated Gamble","Quick Slash"],"picked":"Bane","floor":7.0},{"not_picked":["Cloak And Dagger","Finisher"],"picked":"Blade Dance","floor":8.0},{"not_picked":["Footwork","Dagger Spray"],"picked":"Corpse Explosion","floor":10.0},{"not_picked":["Slice","Terror"],"picked":"Calculated Gamble","floor":14.0},{"not_picked":["A Thousand Cuts","Wraith Form v2"],"picked":"Adrenaline","floor":16.0},{"not_picked":["Blade Dance","Cloak And Dagger"],"picked":"Prepared+1","floor":18.0},{"not_picked":["Poisoned Stab","Bouncing Flask","Accuracy"],"picked":"SKIP","floor":20.0},{"not_picked":["Sucker Punch","Flying Knee","Crippling Poison"],"picked":"SKIP","floor":21},{"not_picked":["Flying Knee","Deadly Poison"],"picked":"Noxious Fumes+1","floor":24},{"not_picked":["Dagger Throw","A Thousand Cuts"],"picked":"Deflect+1","floor":25},{"not_picked":["Backstab","Deflect"],"picked":"PiercingWail","floor":29},{"not_picked":["All Out Attack","Terror","Dagger Spray"],"picked":"SKIP","floor":30},{"not_picked":["Poisoned Stab","Dodge and Roll"],"picked":"Backflip","floor":31},{"not_picked":["Unload","Tools of the Trade"],"picked":"Bullet Time","floor":33},{"not_picked":["Sucker Punch+1","PiercingWail"],"picked":"Backflip+1","floor":35},{"not_picked":["Slice+1","Underhanded Strike","Concentrate+1"],"picked":"SKIP","floor":38},{"not_picked":["Poisoned Stab","Cloak And Dagger"],"picked":"Dodge and Roll+1","floor":40},{"not_picked":["Deflect","Tools of the Trade"],"picked":"Blur","floor":42},{"not_picked":["Masterful Stab","Slice"],"picked":"Quick Slash+1","floor":44},{"not_picked":["Prepared","Eviscerate","Predator"],"picked":"SKIP","floor":46},{"not_picked":["Dodge and Roll","Slice","Deadly Poison+1"],"picked":"SKIP","floor":47},{"not_picked":["Prepared","Deflect"],"picked":"Dodge and Roll+1","floor":48}],"player_experience":5646132,"relics_obtained":[{"floor":7.0,"key":"Snake Skull"},{"floor":9.0,"key":"Nunchaku"},{"floor":10.0,"key":"Centennial Puzzle"},{"floor":25,"key":"MealTicket"},{"floor":26,"key":"Bag of Preparation"},{"floor":30,"key":"Ancient Tea Set"},{"floor":34,"key":"Blue Candle"},{"floor":34,"key":"The Specimen"},{"floor":34,"key":"War Paint"},{"floor":36,"key":"Torii"},{"floor":40,"key":"Darkstone Periapt"},{"floor":42,"key":"Paper Crane"},{"floor":43,"key":"PreservedInsect"},{"floor":46,"key":"TungstenRod"},{"floor":48,"key":"MawBank"}],"event_choices":[{"cards_removed":["Strike_G"],"damage_healed":0.0,"max_hp_gain":0.0,"max_hp_loss":0.0,"gold_gain":0.0,"event_name":"Golden Wing","player_choice":"Card Removal","floor":3.0,"gold_loss":0.0,"damage_taken":7.0},{"damage_healed":0.0,"max_hp_gain":0.0,"max_hp_loss":0.0,"gold_gain":0.0,"event_name":"Shining Light","player_choice":"Ignored","floor":12.0,"gold_loss":0.0,"damage_taken":0.0},{"damage_healed":0.0,"max_hp_gain":0.0,"max_hp_loss":6.0,"gold_gain":0.0,"event_name":"Golden Idol","player_choice":"Lose Max HP","floor":13.0,"gold_loss":0.0,"damage_taken":0.0,"relics_obtained":["Golden Idol"]},{"damage_healed":0.0,"max_hp_gain":0.0,"max_hp_loss":0.0,"gold_gain":50.0,"event_name":"Golden Shrine","player_choice":"Pray","floor":19.0,"gold_loss":0.0,"damage_taken":0.0},{"cards_removed":["Strike_G"],"damage_healed":0,"gold_gain":0,"player_choice":"Gave Gold","damage_taken":0,"max_hp_gain":0,"max_hp_loss":0,"event_name":"Beggar","floor":27,"gold_loss":75},{"damage_healed":0,"gold_gain":0,"player_choice":"Fight","damage_taken":0,"max_hp_gain":0,"max_hp_loss":0,"event_name":"Mysterious Sphere","floor":36,"gold_loss":0},{"damage_healed":0,"gold_gain":0,"player_choice":"Got Potions","damage_taken":0,"max_hp_gain":0,"max_hp_loss":0,"event_name":"Lab","floor":37,"gold_loss":0}],"is_beta":false,"boss_relics":[{"not_picked":["Velvet Choker","Ring of the Serpent"],"picked":"Fusion Hammer"},{"not_picked":["Coffee Dripper","Sozu"],"picked":"Calling Bell"}],"items_purged_floors":[22,39],"is_endless":false,"potions_floor_spawned":[1,8,10,16,20,24,29,30,33,35,40,44,46],"ascension_level":15}