{"gold_per_floor":[116,129,142,56,66,101,26,26,26,26,45,78,78,109,109,186,186,199,124,174,187,187,219,219,237,237,252,268,283,283,88,88,160,160,173,186,211,211,60,89,98,107,107,128,128,158,186,212,212,212],"floor_reached":51,"playtime":2627,"items_purged":["Strike_G","Strike_G"],"score":1388,"play_id":"de33fb68-e8f3-4023-8d51-2c83b2eb2702","local_time":"20230609192442","is_ascension_mode":true,"campfire_choices":[{"data":"All Out Attack","floor":8.0,"key":"SMITH"},{"data":"Sucker Punch","floor":10.0,"key":"SMITH"},{"data":"Infinite Blades","floor":13.0,"key":"SMITH"},{"data":"Well Laid Plans","floor":15.0,"key":"SMITH"},{"floor":24.0,"key":"REST"},{"floor":30.0,"key":"REST"},{"floor":32.0,"key":"REST"},{"data":"Calculated Gamble","floor":45,"key":"SMITH"},{"data":"Night Terror","floor":49,"key":"SMITH"}],"neow_cost":"NONE","seed_source_timestamp":0,"circlet_count":0,"master_deck":["AscendersBane","Strike_G","Strike_G","Defend_G+1","Defend_G","Defend_G","Defend_G","Defend_G","Survivor","Neutralize","Deadly Poison+1","Sucker Punch+1","Underhanded Strike","All Out Attack+1","Dash","Slice","Well Laid Plans+1","Infinite Blades+1","Die Die Die","Cloak And Dagger+1","Prepared+1","Backflip","Blur","Footwork","Dagger Throw","Footwork","Night Terror+1","Quick Slash+1","Calculated Gamble+1","Master of Strategy","After Image","Acrobatics","Blur+1"],"special_seed":0,"relics":["Ring of the Snake","Gremlin Horn","Shuriken","Sundial","Boot","HoveringKite","War Paint","Pear","Philosopher\u0027s Stone","Tough Bandages","Lee\u0027s Waffle","CeramicFish","Bird Faced Urn","Lizard Tail"],"potions_floor_usage":[40,50,50],"damage_taken":[{"damage":3.0,"enemies":"Cultist","floor":1.0,"turns":4.0},{"damage":0.0,"enemies":"Jaw Worm","floor":2.0,"turns":4.0},{"damage":0.0,"enemies":"2 Louse","floor":3.0,"turns":3.0},{"damage":3.0,"enemies":"2 Fungi Beasts","floor":5.0,"turns":3.0},{"damage":15.0,"enemies":"3 Sentries","floor":6.0,"turns":8.0},{"damage":0.0,"enemies":"3 Louse","floor":11.0,"turns":2.0},{"damage":2.0,"enemies":"Gremlin Nob","floor":12.0,"turns":4.0},{"damage":12.0,"enemies":"Lagavulin","floor":14.0,"turns":6.0},{"damage":13.0,"enemies":"Slime Boss","floor":16.0,"turns":7.0},{"damage":18.0,"enemies":"2 Thieves","floor":18.0,"turns":4.0},{"damage":0.0,"enemies":"Chosen","floor":21.0,"turns":4.0},{"damage":27.0,"enemies":"Book of Stabbing","floor":23.0,"turns":5.0},{"damage":5.0,"enemies":"3 Cultists","floor":25.0,"turns":3.0},{"damage":9.0,"enemies":"Cultist and Chosen","floor":27.0,"turns":5.0},{"damage":4.0,"enemies":"Snecko","floor":28.0,"turns":5.0},{"damage":14.0,"enemies":"Centurion and Healer","floor":29.0,"turns":5.0},{"damage":17.0,"enemies":"Automaton","floor":33.0,"turns":10.0},{"damage":36.0,"enemies":"3 Darklings","floor":35.0,"turns":4.0},{"damage":12.0,"enemies":"3 Shapes","floor":36.0,"turns":3.0},{"damage":0.0,"enemies":"Mind Bloom Boss Battle","floor":37.0,"turns":7.0},{"damage":19,"enemies":"Giant Head","floor":40,"turns":8},{"damage":2,"enemies":"Transient","floor":44,"turns":5},{"damage":9,"enemies":"Reptomancer","floor":46,"turns":6},{"damage":22,"enemies":"Maw","floor":47,"turns":8},{"damage":0,"enemies":"Giant Head","floor":48,"turns":10},{"damage":37,"enemies":"Time Eater","floor":50,"turns":17}],"seed_played":"6977817730241779183","potions_obtained":[{"floor":3.0,"key":"LiquidMemories"},{"floor":6.0,"key":"Swift Potion"},{"floor":12.0,"key":"Poison Potion"},{"floor":18.0,"key":"BlessingOfTheForge"},{"floor":21.0,"key":"SteroidPotion"},{"floor":23.0,"key":"PowerPotion"},{"floor":35.0,"key":"Poison Potion"},{"floor":36.0,"key":"EntropicBrew"},{"floor":46,"key":"PowerPotion"}],"is_trial":false,"path_per_floor":["M","M","M","$","M","E","$","R","T","R","M","E","R","E","R","B",null,"M","?","?","M","?","E","R","M","T","M","M","M","R","$","R","B",null,"M","M","?","?","$","E","?","?","T","M","R","E","M","E","R","B",null],"character_chosen":"THE_SILENT","basemod:card_modifiers":[null,null,null,null,null,null,null,null,null,null,null,null,null,null,null,null,null,null,null,null,null,null,null,null,null,null,null,null,null,null,null,null,null],"items_purchased":["All Out Attack","Strength Potion","Dagger Throw","Footwork","Lee\u0027s Waffle"],"campfire_rested":3,"item_purchase_floors":[4,4,31,31,39],"current_hp_per_floor":[62,62,62,62,59,44,44,44,44,44,44,42,42,30,30,17,58,40,40,40,40,40,13,34,29,39,30,26,12,36,36,60,43,72,36,24,24,24,85,66,66,66,66,64,64,55,43,59,59,40],"gold":212,"neow_bonus":"TEN_PERCENT_HP_BONUS","is_prod":false,"is_daily":false,"chose_seed":false,"campfire_upgraded":6,"win_rate":0,"timestamp":1686363882,"path_taken":["M","M","?","$","M","E","?","R","T","R","M","E","R","E","R","BOSS","M","?","?","M","?","E","R","M","T","M","M","M","R","$","R","BOSS","M","M","?","?","$","E","?","?","T","M","R","E","?","E","R","BOSS"],"build_version":"2022-12-18","purchased_purges":2,"victory":true,"max_hp_per_floor":[72,72,72,72,72,72,72,72,72,72,72,72,72,72,72,72,72,72,72,72,72,72,72,72,72,82,82,82,82,82,82,82,82,82,82,82,82,78,85,85,85,85,85,85,85,85,85,85,85,85],"relic_stats":{"Lee\u0027s Waffle":61,"Gremlin Horn":[19,19],"counters":[26,150],"CeramicFish":36,"HoveringKite":[65],"War Paint":["Defend_G","Deadly Poison"],"Boot":[54],"Tough Bandages":[246],"Lizard Tail":0,"Shuriken":[112],"Sundial":[18],"Bird Faced Urn":[44],"obtain_stats":[{"Lee\u0027s Waffle":39,"Pear":26,"Gremlin Horn":6,"CeramicFish":40,"HoveringKite":17,"War Paint":23,"Boot":14,"Tough Bandages":37,"Lizard Tail":48,"Shuriken":9,"Sundial":12,"Bird Faced Urn":46,"Philosopher\u0027s Stone":34,"Ring of the Snake":0},{"Lee\u0027s Waffle":20,"Pear":13,"Gremlin Horn":5,"CeramicFish":21,"HoveringKite":9,"War Paint":12,"Boot":8,"Tough Bandages":20,"Lizard Tail":25,"Shuriken":5,"Sundial":7,"Bird Faced Urn":23,"Philosopher\u0027s Stone":17,"Ring of the Snake":0},{"Lee\u0027s Waffle":96,"Pear":57,"Gremlin Horn":22,"CeramicFish":104,"HoveringKite":41,"War Paint":54,"Boot":34,"Tough Bandages":96,"Lizard Tail":133,"Shuriken":22,"Sundial":28,"Bird Faced Urn":115,"Philosopher\u0027s Stone":82,"Ring of the Snake":0}],"Ring of the Snake":[52]},"card_choices":[{"not_picked":["PiercingWail","Crippling Poison"],"picked":"Deadly Poison","floor":1.0},{"not_picked":["Prepared","Tactician"],"picked":"Sucker Punch","floor":2.0},{"not_picked":["Concentrate","Prepared"],"picked":"Underhanded Strike","floor":3.0},{"not_picked":["Bane","Underhanded Strike"],"picked":"Dash","floor":5.0},{"not_picked":["Terror","Escape Plan"],"picked":"Slice","floor":6.0},{"not_picked":["Flying Knee","Dagger Throw"],"picked":"Well Laid Plans","floor":11.0},{"not_picked":["Finisher","PiercingWail"],"picked":"Infinite Blades","floor":12.0},{"not_picked":["Night Terror","Catalyst","Flying Knee"],"picked":"SKIP","floor":14.0},{"not_picked":["Burst","Malaise"],"picked":"Die Die Die","floor":16.0},{"not_picked":["Deadly Poison","Accuracy","Flying Knee"],"picked":"SKIP","floor":18.0},{"not_picked":["Bane","Deadly Poison"],"picked":"Cloak And Dagger+1","floor":21.0},{"not_picked":["Flechettes","Noxious Fumes+1"],"picked":"Prepared+1","floor":23.0},{"not_picked":["Slice","Escape Plan"],"picked":"Backflip","floor":25.0},{"not_picked":["Poisoned Stab","Choke","Concentrate"],"picked":"SKIP","floor":27.0},{"not_picked":["Quick Slash","Outmaneuver"],"picked":"Blur","floor":28.0},{"not_picked":["Well Laid Plans+1","Backstab"],"picked":"Footwork","floor":29.0},{"not_picked":["Envenom","Grand Finale"],"picked":"Night Terror","floor":33.0},{"not_picked":["Prepared","Sucker Punch"],"picked":"Quick Slash+1","floor":35.0},{"not_picked":["Masterful Stab","Deadly Poison","Outmaneuver"],"picked":"SKIP","floor":36.0},{"not_picked":["Caltrops","Masterful Stab"],"picked":"Calculated Gamble","floor":37.0},{"not_picked":["Sucker Punch+1","Well Laid Plans+1","Slice"],"picked":"SKIP","floor":40},{"not_picked":["Swift Strike","Enlightenment"],"picked":"Master of Strategy","floor":41},{"not_picked":["Tactician+1","Eviscerate"],"picked":"Acrobatics","floor":44},{"not_picked":["Quick Slash","Underhanded Strike","Deflect"],"picked":"SKIP","floor":46},{"not_picked":["Expertise","Reflex"],"picked":"Blur+1","floor":47},{"not_picked":["Bouncing Flask","Cloak And Dagger","Doppelganger"],"picked":"SKIP","floor":48}],"player_experience":5628071,"relics_obtained":[{"floor":6.0,"key":"Gremlin Horn"},{"floor":9.0,"key":"Shuriken"},{"floor":12.0,"key":"Sundial"},{"floor":14.0,"key":"Boot"},{"floor":23.0,"key":"War Paint"},{"floor":26.0,"key":"Pear"},{"floor":37.0,"key":"Tough Bandages"},{"floor":40,"key":"CeramicFish"},{"floor":46,"key":"Bird Faced Urn"},{"floor":48,"key":"Lizard Tail"}],"event_choices":[{"cards_removed":["Strike_G"],"damage_healed":0.0,"max_hp_gain":0.0,"max_hp_loss":0.0,"gold_gain":0.0,"event_name":"Beggar","player_choice":"Gave Gold","floor":19.0,"gold_loss":75.0,"damage_taken":0.0},{"damage_healed":0.0,"max_hp_gain":0.0,"max_hp_loss":0.0,"gold_gain":50.0,"event_name":"Nest","player_choice":"Stole From Cult","floor":20.0,"gold_loss":0.0,"damage_taken":0.0},{"damage_healed":0.0,"max_hp_gain":0.0,"max_hp_loss":0.0,"gold_gain":0.0,"event_name":"Vampires","player_choice":"Ignored","floor":22.0,"gold_loss":0.0,"damage_taken":0.0},{"damage_healed":0.0,"max_hp_gain":0.0,"max_hp_loss":0.0,"gold_gain":0.0,"event_name":"MindBloom","player_choice":"Fight","floor":37.0,"gold_loss":0.0,"damage_taken":0.0},{"damage_healed":0.0,"max_hp_gain":0.0,"max_hp_loss":4.0,"gold_gain":0.0,"event_name":"Winding Halls","player_choice":"Max HP","floor":38.0,"gold_loss":0.0,"damage_taken":0.0},{"damage_healed":0,"gold_gain":0,"player_choice":"Memory 1","damage_taken":0,"max_hp_gain":0,"max_hp_loss":0,"event_name":"SensoryStone","floor":41,"gold_loss":0},{"damage_healed":0,"gold_gain":0,"player_choice":"1 cards matched","damage_taken":0,"max_hp_gain":0,"max_hp_loss":0,"event_name":"Match and Keep!","floor":42,"gold_loss":0,"cards_obtained":["After Image"]}],"is_beta":false,"boss_relics":[{"not_picked":["WristBlade","Fusion Hammer"],"picked":"HoveringKite"},{"not_picked":["Snecko Eye","Velvet Choker"],"picked":"Philosopher\u0027s Stone"}],"items_purged_floors":[7,31],"is_endless":false,"potions_floor_spawned":[3,6,11,12,18,21,23,27,35,36,46,47],"ascension_level":15}