{"gold_per_floor":[113,128,144,218,233,233,268,268,295,335,356,393,393,421,421,506,506,531,540,552,577,83,119,143,143,168,209,309,350,55,85,85,167,167,186,77,0,29,79,109,136,136,136,136,176,201,216,257,257,257],"floor_reached":51,"playtime":2013,"items_purged":["Pain","Strike_G","Strike_G"],"score":2039,"play_id":"b0f19719-8ab3-4e02-a67b-52c958f6112d","local_time":"20230627204220","is_ascension_mode":true,"campfire_choices":[{"data":"Blade Dance","floor":6.0,"key":"SMITH"},{"data":"Underhanded Strike","floor":8.0,"key":"SMITH"},{"data":"Accuracy","floor":15.0,"key":"SMITH"},{"data":"Footwork","floor":25.0,"key":"SMITH"},{"data":"Strike_G","floor":32.0,"key":"PURGE"},{"data":"Strike_G","floor":42,"key":"PURGE"},{"data":"Blade Dance","floor":44,"key":"SMITH"},{"data":"Strike_G","floor":49,"key":"PURGE"}],"neow_cost":"NONE","seed_source_timestamp":104325818273000,"circlet_count":0,"master_deck":["AscendersBane","Defend_G","Defend_G","Defend_G","Defend_G","Defend_G","Survivor","Neutralize","Blade Dance+1","Accuracy+1","Underhanded Strike+1","Flying Knee","Dash","Backstab","Blade Dance","Footwork+1","Unload","Burst","Prepared+1","PiercingWail","Blade Dance","Footwork+1","Backflip","Deflect","Accuracy+1","Blade Dance+1","Die Die Die","Blur","Leg Sweep","Escape Plan","Calculated Gamble+1","Dodge and Roll+1","Backflip","Wraith Form v2+1"],"special_seed":0,"relics":["Ring of the Snake","CeramicFish","Tiny Chest","Pen Nib","Smiling Mask","Coffee Dripper","WarpedTongs","Vajra","InkBottle","Frozen Egg 2","Bag of Preparation","Lantern","Peace Pipe","TungstenRod","Letter Opener","Dream Catcher","DollysMirror","Orichalcum","SlaversCollar","Red Mask","Art of War","Bag of Marbles","Bronze Scales","Ancient Tea Set"],"potions_floor_usage":[40,50],"damage_taken":[{"damage":1.0,"enemies":"Cultist","floor":1.0,"turns":4.0},{"damage":0.0,"enemies":"Small Slimes","floor":2.0,"turns":5.0},{"damage":0.0,"enemies":"2 Louse","floor":3.0,"turns":3.0},{"damage":2.0,"enemies":"Lots of Slimes","floor":5.0,"turns":4.0},{"damage":17.0,"enemies":"Lagavulin","floor":7.0,"turns":6.0},{"damage":0.0,"enemies":"3 Sentries","floor":10.0,"turns":4.0},{"damage":6.0,"enemies":"Red Slaver","floor":11.0,"turns":4.0},{"damage":20.0,"enemies":"Lagavulin","floor":12.0,"turns":6.0},{"damage":3.0,"enemies":"Blue Slaver","floor":14.0,"turns":3.0},{"damage":0.0,"enemies":"Slime Boss","floor":16.0,"turns":6.0},{"damage":1.0,"enemies":"Spheric Guardian","floor":18.0,"turns":3.0},{"damage":0.0,"enemies":"Shell Parasite","floor":20.0,"turns":2.0},{"damage":9.0,"enemies":"Snecko","floor":21.0,"turns":4.0},{"damage":13.0,"enemies":"Slavers","floor":23.0,"turns":5.0},{"damage":10.0,"enemies":"Gremlin Leader","floor":27.0,"turns":3.0},{"damage":0.0,"enemies":"Colosseum Slavers","floor":28.0,"turns":2.0},{"damage":2.0,"enemies":"Colosseum Nobs","floor":28.0,"turns":5.0},{"damage":5.0,"enemies":"Book of Stabbing","floor":29.0,"turns":3.0},{"damage":0.0,"enemies":"Gremlin Leader","floor":31.0,"turns":3.0},{"damage":0.0,"enemies":"Champ","floor":33.0,"turns":9.0},{"damage":14.0,"enemies":"Orb Walker","floor":35.0,"turns":3.0},{"damage":0,"enemies":"3 Darklings","floor":38,"turns":2},{"damage":0,"enemies":"Nemesis","floor":40,"turns":7},{"damage":0,"enemies":"4 Shapes","floor":41,"turns":3},{"damage":0,"enemies":"Reptomancer","floor":45,"turns":5},{"damage":0,"enemies":"Spire Growth","floor":46,"turns":3},{"damage":0,"enemies":"3 Darklings","floor":47,"turns":1},{"damage":1,"enemies":"Giant Head","floor":48,"turns":5},{"damage":0,"enemies":"Donu and Deca","floor":50,"turns":5}],"seed_played":"-6594459618261212867","potions_obtained":[{"floor":1.0,"key":"Explosive Potion"},{"floor":2.0,"key":"BlessingOfTheForge"},{"floor":7.0,"key":"Explosive Potion"},{"floor":11.0,"key":"Energy Potion"},{"floor":12.0,"key":"BlessingOfTheForge"},{"floor":21.0,"key":"CunningPotion"},{"floor":27.0,"key":"SmokeBomb"},{"floor":29.0,"key":"SneckoOil"},{"floor":31.0,"key":"EssenceOfSteel"},{"floor":35,"key":"ColorlessPotion"},{"floor":45,"key":"SmokeBomb"},{"floor":46,"key":"Explosive Potion"},{"floor":47,"key":"DuplicationPotion"}],"is_trial":false,"path_per_floor":["M","M","M","?","M","R","E","R","T","E","M","E","?","M","R","B",null,"M","?","M","M","$","E","T","R","T","E","?","E","$","E","R","B",null,"M","$","?","M","?","E","M","R","T","R","E","M","M","E","R","B",null],"character_chosen":"THE_SILENT","basemod:card_modifiers":[null,null,null,null,null,null,null,null,null,null,null,null,null,null,null,null,null,null,null,null,null,null,null,null,null,null,null,null,null,null,null,null,null,null],"items_purchased":["Vajra","InkBottle","Block Potion","Deflect","SpeedPotion","DollysMirror","Blade Dance","Leg Sweep"],"campfire_rested":0,"item_purchase_floors":[22,22,22,30,30,30,30,36],"current_hp_per_floor":[64,64,64,64,62,62,45,45,45,45,39,19,19,16,16,16,58,57,57,57,48,48,35,35,35,35,25,23,18,18,18,18,18,59,45,45,45,45,45,45,45,45,45,45,45,45,45,44,44,44],"gold":257,"neow_bonus":"TEN_PERCENT_HP_BONUS","is_prod":false,"is_daily":false,"chose_seed":false,"campfire_upgraded":5,"win_rate":0,"timestamp":1687923740,"path_taken":["M","M","M","?","M","R","E","R","T","E","M","E","?","M","R","BOSS","M","?","M","?","$","E","?","R","T","E","?","E","$","E","R","BOSS","M","$","?","M","?","E","M","R","T","R","E","M","M","E","R","BOSS"],"build_version":"2022-12-18","purchased_purges":3,"victory":true,"max_hp_per_floor":[72,72,72,72,72,72,72,72,72,72,72,72,72,72,72,72,72,72,72,72,72,72,72,72,72,72,72,72,72,72,72,72,72,72,72,72,72,72,72,72,72,72,72,72,72,72,72,72,72,72],"relic_stats":{"counters":[29,118],"CeramicFish":207,"Pen Nib":[35],"Bag of Preparation":[30],"Letter Opener":[183],"Orichalcum":[24],"Smiling Mask":150,"Ancient Tea Set":[2],"WarpedTongs":[70],"Peace Pipe":3,"Dream Catcher":0,"Bronze Scales":[27],"Tiny Chest":1,"Art of War":[0],"obtain_stats":[{"Lantern":26,"CeramicFish":7,"Vajra":22,"Pen Nib":10,"Bag of Preparation":24,"Letter Opener":28,"Frozen Egg 2":23,"Orichalcum":31,"Smiling Mask":12,"Ancient Tea Set":48,"WarpedTongs":19,"Peace Pipe":27,"SlaversCollar":34,"Dream Catcher":29,"DollysMirror":30,"Bronze Scales":45,"Tiny Chest":9,"Coffee Dripper":17,"Red Mask":37,"Art of War":40,"Bag of Marbles":43,"InkBottle":22,"TungstenRod":28,"Ring of the Snake":0},{"Lantern":14,"CeramicFish":5,"Vajra":13,"Pen Nib":6,"Bag of Preparation":14,"Letter Opener":17,"Frozen Egg 2":14,"Orichalcum":19,"Smiling Mask":8,"Ancient Tea Set":28,"WarpedTongs":11,"Peace Pipe":15,"SlaversCollar":20,"Dream Catcher":18,"DollysMirror":18,"Bronze Scales":25,"Tiny Chest":5,"Coffee Dripper":10,"Red Mask":21,"Art of War":23,"Bag of Marbles":24,"InkBottle":13,"TungstenRod":17,"Ring of the Snake":0},{"Lantern":59,"CeramicFish":22,"Vajra":54,"Pen Nib":26,"Bag of Preparation":59,"Letter Opener":69,"Frozen Egg 2":59,"Orichalcum":75,"Smiling Mask":36,"Ancient Tea Set":113,"WarpedTongs":48,"Peace Pipe":62,"SlaversCollar":84,"Dream Catcher":72,"DollysMirror":72,"Bronze Scales":104,"Tiny Chest":22,"Coffee Dripper":45,"Red Mask":87,"Art of War":96,"Bag of Marbles":99,"InkBottle":54,"TungstenRod":69,"Ring of the Snake":0}],"InkBottle":[49],"TungstenRod":6,"Ring of the Snake":[58]},"card_choices":[{"not_picked":["Masterful Stab","Flechettes"],"picked":"Blade Dance","floor":1.0},{"not_picked":["Outmaneuver","Bane"],"picked":"Accuracy","floor":2.0},{"not_picked":["Crippling Poison","Blur"],"picked":"Underhanded Strike","floor":3.0},{"not_picked":["Deflect","Dodge and Roll"],"picked":"Flying Knee","floor":5.0},{"not_picked":["Accuracy","Dodge and Roll"],"picked":"Dash","floor":7.0},{"not_picked":["Skewer","Night Terror"],"picked":"Backstab","floor":10.0},{"not_picked":["Backflip","Bouncing Flask"],"picked":"Blade Dance","floor":11.0},{"not_picked":["Underhanded Strike","Deflect"],"picked":"Footwork","floor":12.0},{"not_picked":["Heel Hook","Setup"],"picked":"Unload","floor":14.0},{"not_picked":["Glass Knife","Phantasmal Killer"],"picked":"Burst","floor":16.0},{"not_picked":["Skewer","Deflect"],"picked":"Prepared+1","floor":18.0},{"not_picked":["Sucker Punch","Underhanded Strike","Slice"],"picked":"SKIP","floor":20.0},{"not_picked":["Skewer","Deadly Poison"],"picked":"PiercingWail","floor":21.0},{"not_picked":["Catalyst","Escape Plan"],"picked":"Blade Dance","floor":23.0},{"not_picked":["Underhanded Strike","Crippling Poison+1"],"picked":"Footwork+1","floor":27.0},{"not_picked":["Flechettes","Dagger Throw"],"picked":"Backflip","floor":29.0},{"not_picked":["Slice","Quick Slash","Storm of Steel"],"picked":"SKIP","floor":31.0},{"not_picked":["Doppelganger","Glass Knife"],"picked":"Die Die Die","floor":33.0},{"not_picked":["PiercingWail","Backstab"],"picked":"Blur","floor":35},{"not_picked":["Prepared","Sucker Punch"],"picked":"Escape Plan","floor":38},{"not_picked":["Catalyst","Quick Slash","Cloak And Dagger"],"picked":"SKIP","floor":40},{"not_picked":["Bane+1","Flying Knee"],"picked":"Calculated Gamble+1","floor":41},{"not_picked":["Accuracy+1","Dagger Spray"],"picked":"Dodge and Roll+1","floor":45},{"not_picked":["Calculated Gamble","Tactician"],"picked":"Backflip","floor":46},{"not_picked":["Corpse Explosion","Dagger Spray","Bane"],"picked":"SKIP","floor":47},{"not_picked":["Terror","Acrobatics"],"picked":"Wraith Form v2+1","floor":48}],"player_experience":5707081,"relics_obtained":[{"floor":7.0,"key":"CeramicFish"},{"floor":9.0,"key":"Tiny Chest"},{"floor":10.0,"key":"Pen Nib"},{"floor":12.0,"key":"Smiling Mask"},{"floor":23.0,"key":"Frozen Egg 2"},{"floor":24.0,"key":"Bag of Preparation"},{"floor":26.0,"key":"Lantern"},{"floor":27.0,"key":"Peace Pipe"},{"floor":28.0,"key":"TungstenRod"},{"floor":28.0,"key":"Letter Opener"},{"floor":29.0,"key":"Dream Catcher"},{"floor":31.0,"key":"Orichalcum"},{"floor":40,"key":"Art of War"},{"floor":43,"key":"Bag of Marbles"},{"floor":45,"key":"Bronze Scales"},{"floor":48,"key":"Ancient Tea Set"}],"event_choices":[{"damage_healed":0.0,"max_hp_gain":0.0,"max_hp_loss":0.0,"gold_gain":74.0,"event_name":"Golden Wing","player_choice":"Gained Gold","floor":4.0,"gold_loss":0.0,"damage_taken":0.0},{"damage_healed":0.0,"max_hp_gain":0.0,"max_hp_loss":0.0,"gold_gain":0.0,"event_name":"Liars Game","player_choice":"Ignored","floor":13.0,"gold_loss":0.0,"damage_taken":0.0},{"damage_healed":0.0,"max_hp_gain":0.0,"max_hp_loss":0.0,"gold_gain":0.0,"event_name":"Accursed Blacksmith","player_choice":"Rummage","floor":19.0,"gold_loss":0.0,"damage_taken":0.0,"relics_obtained":["WarpedTongs"],"cards_obtained":["Pain"]},{"damage_healed":0.0,"max_hp_gain":0.0,"max_hp_loss":0.0,"gold_gain":0.0,"event_name":"Colosseum","player_choice":"Fight","floor":28.0,"gold_loss":0.0,"damage_taken":0.0},{"damage_healed":0.0,"max_hp_gain":0.0,"max_hp_loss":0.0,"gold_gain":0.0,"event_name":"Colosseum","player_choice":"Fought Nobs","floor":28.0,"gold_loss":0.0,"damage_taken":0.0},{"damage_healed":0,"gold_gain":0,"player_choice":"Paid","damage_taken":0,"relics_obtained":["Red Mask"],"max_hp_gain":0,"max_hp_loss":0,"event_name":"Tomb of Lord Red Mask","floor":37,"gold_loss":77},{"damage_healed":0,"gold_gain":50,"player_choice":"Pray","damage_taken":0,"max_hp_gain":0,"max_hp_loss":0,"event_name":"Golden Shrine","floor":39,"gold_loss":0}],"is_beta":false,"boss_relics":[{"not_picked":["Black Star","Runic Dome"],"picked":"Coffee Dripper"},{"not_picked":["Snecko Eye","Velvet Choker"],"picked":"SlaversCollar"}],"items_purged_floors":[22,30,36],"is_endless":false,"potions_floor_spawned":[1,2,7,11,12,14,21,27,29,31,35,45,46,47,48],"ascension_level":15}