{"gold_per_floor":[368,368,144,144,162,197,197,197],"floor_reached":8,"playtime":270,"items_purged":[],"score":95,"play_id":"78c81eba-acc6-4125-a67e-33cfd125f244","local_time":"20230618230959","is_ascension_mode":true,"campfire_choices":[{"floor":7,"key":"REST"}],"neow_cost":"PERCENT_DAMAGE","seed_source_timestamp":51026633182000,"circlet_count":0,"master_deck":["AscendersBane","Strike_G","Strike_G","Strike_G","Strike_G","Strike_G","Defend_G","Defend_G","Defend_G","Defend_G","Defend_G","Survivor","Neutralize","PiercingWail","Masterful Stab","Choke","Infinite Blades"],"relics":["Ring of the Snake","Pantograph","TwistedFunnel","Golden Idol","Bag of Preparation"],"potions_floor_usage":[6],"damage_taken":[{"damage":2,"enemies":"Cultist","floor":1,"turns":4},{"damage":4,"enemies":"Small Slimes","floor":5,"turns":3},{"damage":5,"enemies":"Gremlin Nob","floor":6,"turns":3},{"damage":58,"enemies":"Lagavulin","floor":8,"turns":8}],"seed_played":"3889269326016831269","potions_obtained":[{"floor":5,"key":"BlessingOfTheForge"}],"is_trial":false,"path_per_floor":["M","T","$","?","M","E","R","E"],"character_chosen":"THE_SILENT","basemod:card_modifiers":[null,null,null,null,null,null,null,null,null,null,null,null,null,null,null,null,null],"items_purchased":["TwistedFunnel","Masterful Stab"],"campfire_rested":1,"item_purchase_floors":[3,3],"current_hp_per_floor":[42,42,42,42,38,33,51,0],"gold":197,"neow_bonus":"TWO_FIFTY_GOLD","is_prod":false,"is_daily":false,"chose_seed":false,"campfire_upgraded":0,"win_rate":0,"timestamp":1687154999,"path_taken":["M","?","$","?","M","E","R","E"],"build_version":"2022-12-18","purchased_purges":0,"victory":false,"max_hp_per_floor":[66,66,66,60,60,60,60,60],"relic_stats":{"counters":[4,18],"Golden Idol":11,"Pantograph":0,"Bag of Preparation":[2],"obtain_stats":[{"TwistedFunnel":3,"Golden Idol":4,"Pantograph":2,"Bag of Preparation":6,"Ring of the Snake":0},{"TwistedFunnel":1,"Golden Idol":1,"Pantograph":1,"Bag of Preparation":3,"Ring of the Snake":0},{"TwistedFunnel":4,"Golden Idol":4,"Pantograph":4,"Bag of Preparation":10,"Ring of the Snake":0}],"Ring of the Snake":[8]},"card_choices":[{"not_picked":["Dodge and Roll","Acrobatics"],"picked":"PiercingWail","floor":1},{"not_picked":["Concentrate","Reflex"],"picked":"Choke","floor":5},{"not_picked":["Bane","PiercingWail"],"picked":"Infinite Blades","floor":6}],"player_experience":5669594,"relics_obtained":[{"floor":2,"key":"Pantograph"},{"floor":6,"key":"Bag of Preparation"}],"event_choices":[{"damage_healed":0,"gold_gain":0,"player_choice":"Lose Max HP","damage_taken":0,"relics_obtained":["Golden Idol"],"max_hp_gain":0,"max_hp_loss":6,"event_name":"Golden Idol","floor":4,"gold_loss":0}],"is_beta":false,"boss_relics":[],"items_purged_floors":[],"is_endless":false,"potions_floor_spawned":[5],"killed_by":"Lagavulin","ascension_level":15}