{"gold_per_floor":[119,119,25,41,56,91,91,91,91,102,135,185,185,220,220,220],"floor_reached":16,"playtime":539,"items_purged":[],"score":207,"play_id":"a526fed1-c64a-4c65-b310-fa8ac18784df","local_time":"20230622140455","is_ascension_mode":true,"campfire_choices":[{"data":"Predator","floor":7.0,"key":"SMITH"},{"floor":13.0,"key":"REST"},{"data":"Neutralize","floor":15.0,"key":"SMITH"}],"neow_cost":"NONE","seed_source_timestamp":363415071523100,"circlet_count":0,"master_deck":["AscendersBane","Strike_G","Strike_G","Strike_G","Strike_G","Defend_G","Defend_G","Defend_G","Defend_G","Defend_G","Survivor","Neutralize+1","Predator+1","Flying Knee","PiercingWail","Slice","Dodge and Roll","Tactician+1","Blur+1"],"special_seed":0,"relics":["Ring of the Snake","Tingsha","Toxic Egg 2","Darkstone Periapt"],"potions_floor_usage":[16],"damage_taken":[{"damage":0.0,"enemies":"Cultist","floor":1.0,"turns":5.0},{"damage":6.0,"enemies":"2 Louse","floor":4.0,"turns":3.0},{"damage":0.0,"enemies":"Small Slimes","floor":5.0,"turns":3.0},{"damage":25.0,"enemies":"3 Sentries","floor":6.0,"turns":10.0},{"damage":4.0,"enemies":"Gremlin Gang","floor":10.0,"turns":4.0},{"damage":16.0,"enemies":"Gremlin Nob","floor":11.0,"turns":4.0},{"damage":9.0,"enemies":"Lagavulin","floor":14.0,"turns":7.0},{"damage":42,"enemies":"The Guardian","floor":16,"turns":13}],"seed_played":"5225689947679510351","potions_obtained":[{"floor":1.0,"key":"EntropicBrew"},{"floor":14.0,"key":"Block Potion"}],"is_trial":false,"path_per_floor":["M","?","$","M","M","E","R","?","T","M","E","?","R","E","R","B"],"character_chosen":"THE_SILENT","basemod:card_modifiers":[null,null,null,null,null,null,null,null,null,null,null,null,null,null,null,null,null,null,null],"items_purchased":["Flying Knee","Strength Potion"],"campfire_rested":1,"item_purchase_floors":[3,3],"current_hp_per_floor":[65,65,65,59,59,34,34,34,34,30,14,14,35,26,26,0],"gold":220,"neow_bonus":"TEN_PERCENT_HP_BONUS","is_prod":false,"is_daily":false,"chose_seed":false,"campfire_upgraded":2,"win_rate":0,"timestamp":1687467895,"path_taken":["M","?","?","M","M","E","R","?","T","M","E","?","R","E","R","BOSS"],"build_version":"2022-12-18","purchased_purges":0,"victory":false,"max_hp_per_floor":[72,72,72,72,72,72,72,72,72,72,72,72,72,72,72,72],"relic_stats":{"Darkstone Periapt":0,"counters":[8,49],"Tingsha":[15],"obtain_stats":[{"Darkstone Periapt":14,"Tingsha":9,"Toxic Egg 2":11,"Ring of the Snake":0},{"Darkstone Periapt":7,"Tingsha":4,"Toxic Egg 2":6,"Ring of the Snake":0},{"Darkstone Periapt":36,"Tingsha":21,"Toxic Egg 2":29,"Ring of the Snake":0}],"Ring of the Snake":[16]},"card_choices":[{"not_picked":["Caltrops","Dagger Spray"],"picked":"Predator","floor":1.0},{"not_picked":["Riddle With Holes","Heel Hook"],"picked":"PiercingWail","floor":4.0},{"not_picked":["Flechettes","Bane","Finisher"],"picked":"SKIP","floor":5.0},{"not_picked":["Poisoned Stab","Heel Hook"],"picked":"Slice","floor":6.0},{"not_picked":["Concentrate","Expertise"],"picked":"Dodge and Roll","floor":10.0},{"not_picked":["Predator","Endless Agony"],"picked":"Tactician+1","floor":11.0},{"not_picked":["Poisoned Stab","Deadly Poison+1"],"picked":"Blur+1","floor":14.0}],"player_experience":5695700,"relics_obtained":[{"floor":9.0,"key":"Tingsha"},{"floor":11.0,"key":"Toxic Egg 2"},{"floor":14.0,"key":"Darkstone Periapt"}],"event_choices":[{"cards_removed":["Strike_G"],"damage_healed":0.0,"max_hp_gain":0.0,"max_hp_loss":0.0,"gold_gain":0.0,"event_name":"Bonfire Elementals","player_choice":"Offered Basic","floor":2.0,"gold_loss":0.0,"damage_taken":0.0},{"damage_healed":0.0,"max_hp_gain":0.0,"max_hp_loss":0.0,"gold_gain":0.0,"event_name":"Liars Game","player_choice":"Ignored","floor":8.0,"gold_loss":0.0,"damage_taken":0.0},{"damage_healed":0.0,"max_hp_gain":0.0,"max_hp_loss":0.0,"gold_gain":50.0,"event_name":"Golden Shrine","player_choice":"Pray","floor":12.0,"gold_loss":0.0,"damage_taken":0.0}],"is_beta":false,"boss_relics":[],"items_purged_floors":[],"is_endless":false,"potions_floor_spawned":[1,5,14],"killed_by":"The Guardian","ascension_level":15}