{"gold_per_floor":[118,132,9,29,46,74,74,101,127,127,127],"floor_reached":11,"playtime":372,"items_purged":[],"score":145,"play_id":"89f8b252-3e38-4e77-bf92-7a0140fec0a4","local_time":"20230625102757","is_ascension_mode":true,"campfire_choices":[{"floor":7.0,"key":"REST"}],"neow_cost":"NONE","seed_source_timestamp":609965809826600,"circlet_count":0,"master_deck":["AscendersBane","Strike_G","Strike_G","Strike_G","Strike_G","Strike_G","Defend_G","Defend_G","Defend_G","Defend_G","Defend_G","Survivor","Neutralize","Noxious Fumes","Backflip","Bouncing Flask","Blade Dance","Leg Sweep","Blade Dance","Well Laid Plans"],"special_seed":0,"relics":["Ring of the Snake","Bottled Lightning","Regal Pillow","Tiny Chest"],"potions_floor_usage":[],"damage_taken":[{"damage":6.0,"enemies":"Cultist","floor":1.0,"turns":6.0},{"damage":4.0,"enemies":"2 Louse","floor":2.0,"turns":5.0},{"damage":0.0,"enemies":"Jaw Worm","floor":4.0,"turns":4.0},{"damage":7.0,"enemies":"Exordium Wildlife","floor":5.0,"turns":4.0},{"damage":35.0,"enemies":"Gremlin Nob","floor":6.0,"turns":5.0},{"damage":9.0,"enemies":"Lagavulin","floor":8.0,"turns":5.0},{"damage":34,"enemies":"Gremlin Nob","floor":11,"turns":4}],"seed_played":"8613241915274123294","potions_obtained":[{"floor":1.0,"key":"Weak Potion"},{"floor":4.0,"key":"SteroidPotion"},{"floor":5.0,"key":"AttackPotion"}],"is_trial":false,"path_per_floor":["M","M","$","M","M","E","R","E","T","?","E"],"character_chosen":"THE_SILENT","basemod:card_modifiers":[null,null,null,null,null,null,null,null,null,null,null,null,null,null,null,null,null,null,null,null],"items_purchased":["Bouncing Flask","Strength Potion"],"campfire_rested":1,"item_purchase_floors":[3,3],"current_hp_per_floor":[59,55,55,55,48,13,34,25,25,25,0],"gold":127,"neow_bonus":"TEN_PERCENT_HP_BONUS","is_prod":false,"is_daily":false,"chose_seed":false,"campfire_upgraded":0,"win_rate":0,"timestamp":1687714077,"path_taken":["M","M","$","M","M","E","R","E","T","?","E"],"build_version":"2022-12-18","purchased_purges":0,"victory":false,"max_hp_per_floor":[72,72,72,72,72,72,72,72,72,72,72],"relic_stats":{"Regal Pillow":0,"counters":[7,33],"Tiny Chest":0,"Bottled Lightning":"Blade Dance","obtain_stats":[{"Regal Pillow":8,"Tiny Chest":9,"Bottled Lightning":6,"Ring of the Snake":0},{"Regal Pillow":6,"Tiny Chest":6,"Bottled Lightning":5,"Ring of the Snake":0},{"Regal Pillow":29,"Tiny Chest":29,"Bottled Lightning":24,"Ring of the Snake":0}],"Ring of the Snake":[14]},"card_choices":[{"not_picked":["Well Laid Plans","Catalyst"],"picked":"Noxious Fumes","floor":1.0},{"not_picked":["Reflex","Setup"],"picked":"Backflip","floor":2.0},{"not_picked":["Dagger Spray","Flechettes"],"picked":"Blade Dance","floor":4.0},{"not_picked":["Deflect","Infinite Blades"],"picked":"Leg Sweep","floor":5.0},{"not_picked":["Deflect","Concentrate"],"picked":"Blade Dance","floor":6.0},{"not_picked":["Night Terror","Outmaneuver"],"picked":"Well Laid Plans","floor":8.0}],"player_experience":5700421,"relics_obtained":[{"floor":6.0,"key":"Bottled Lightning"},{"floor":8.0,"key":"Regal Pillow"},{"floor":9.0,"key":"Tiny Chest"}],"event_choices":[{"damage_healed":0.0,"max_hp_gain":0.0,"max_hp_loss":0.0,"gold_gain":0.0,"event_name":"Shining Light","player_choice":"Ignored","floor":10.0,"gold_loss":0.0,"damage_taken":0.0}],"is_beta":false,"boss_relics":[],"items_purged_floors":[],"is_endless":false,"potions_floor_spawned":[1,4,5],"killed_by":"Gremlin Nob","ascension_level":15}