{"gold_per_floor":[210,227,227,245,268,302,302,340,340,143,179,179,179,179,179,275,275,289,289,339,339,339,339,314,357,437,301,301,43,63,83,83,182,182,206,221,235,235,253,286,286,327,327,358,358,358,62,78,78,78],"floor_reached":51,"playtime":2798,"items_purged":["Strike_G","Strike_G","Predator"],"score":1549,"play_id":"54896142-b06a-44af-b29a-7664fb0c1a79","local_time":"20230619225531","is_ascension_mode":true,"campfire_choices":[{"floor":7.0,"key":"REST"},{"data":"Dagger Spray","floor":12.0,"key":"SMITH"},{"floor":15.0,"key":"REST"},{"floor":23.0,"key":"REST"},{"data":"Cloak And Dagger","floor":28.0,"key":"SMITH"},{"data":"Well Laid Plans","floor":32.0,"key":"SMITH"},{"data":"Accuracy","floor":41,"key":"SMITH"},{"data":"Cloak And Dagger","floor":46,"key":"SMITH"},{"data":"Cloak And Dagger","floor":49,"key":"SMITH"}],"neow_cost":"NONE","seed_source_timestamp":133916122405800,"circlet_count":0,"master_deck":["AscendersBane","Survivor","Neutralize","Dagger Spray+1","Poisoned Stab","Cloak And Dagger+1","PiercingWail","Dagger Throw","Well Laid Plans+1","Malaise","Blur","After Image","Backflip+1","Predator","Blur","Accuracy+1","Terror","Quick Slash","Flechettes+1","Adrenaline","Infinite Blades","Poisoned Stab","Expertise","Venomology","Reflex","Blade Dance","Cloak And Dagger+1","Leg Sweep+1","Dodge and Roll","Cloak And Dagger+1","Blade Dance+1","Backflip+1","PiercingWail","Acrobatics+1"],"special_seed":0,"relics":["Ring of the Snake","Golden Idol","Mummified Hand","Bottled Lightning","HornCleat","Omamori","Question Card","Cursed Key","Letter Opener","Kunai","Ornamental Fan","Centennial Puzzle","Pandora\u0027s Box","Bottled Tornado","Thread and Needle","TungstenRod","Happy Flower"],"potions_floor_usage":[39,40,42,44,50,50,50],"damage_taken":[{"damage":0.0,"enemies":"Small Slimes","floor":1.0,"turns":6.0},{"damage":0.0,"enemies":"2 Louse","floor":2.0,"turns":2.0},{"damage":3.0,"enemies":"Jaw Worm","floor":4.0,"turns":4.0},{"damage":5.0,"enemies":"Exordium Wildlife","floor":5.0,"turns":5.0},{"damage":35.0,"enemies":"3 Sentries","floor":6.0,"turns":9.0},{"damage":23.0,"enemies":"Lagavulin","floor":8.0,"turns":8.0},{"damage":0.0,"enemies":"Gremlin Nob","floor":11.0,"turns":3.0},{"damage":21.0,"enemies":"Slime Boss","floor":16.0,"turns":13.0},{"damage":12.0,"enemies":"Spheric Guardian","floor":18.0,"turns":7.0},{"damage":1.0,"enemies":"2 Thieves","floor":24.0,"turns":5.0},{"damage":6.0,"enemies":"Gremlin Leader","floor":25.0,"turns":9.0},{"damage":1.0,"enemies":"Centurion and Healer","floor":30.0,"turns":6.0},{"damage":0.0,"enemies":"Shelled Parasite and Fungi","floor":31.0,"turns":6.0},{"damage":13.0,"enemies":"Champ","floor":33.0,"turns":18.0},{"damage":1.0,"enemies":"3 Shapes","floor":35.0,"turns":4.0},{"damage":8.0,"enemies":"3 Darklings","floor":36.0,"turns":4.0},{"damage":0.0,"enemies":"Sphere and 2 Shapes","floor":37.0,"turns":5.0},{"damage":1,"enemies":"Writhing Mass","floor":39,"turns":7},{"damage":0,"enemies":"Reptomancer","floor":40,"turns":8},{"damage":0,"enemies":"Giant Head","floor":42,"turns":5},{"damage":0,"enemies":"Reptomancer","floor":44,"turns":4},{"damage":0,"enemies":"4 Shapes","floor":48,"turns":4},{"damage":0,"enemies":"Awakened One","floor":50,"turns":11}],"seed_played":"-1690607616882666860","potions_obtained":[{"floor":6.0,"key":"Dexterity Potion"},{"floor":8.0,"key":"Ancient Potion"},{"floor":11.0,"key":"AttackPotion"},{"floor":22.0,"key":"Block Potion"},{"floor":22.0,"key":"ColorlessPotion"},{"floor":25.0,"key":"Fruit Juice"},{"floor":30.0,"key":"Regen Potion"},{"floor":33.0,"key":"GamblersBrew"},{"floor":40,"key":"Strength Potion"},{"floor":44,"key":"Strength Potion"}],"is_trial":false,"path_per_floor":["M","M","?","M","M","E","R","E","T","$","E","R","?","T","R","B",null,"M","?","?","T","?","R","M","E","T","$","R","$","M","M","R","B",null,"M","M","M","?","M","E","R","E","T","E","?","R","$","M","R","B",null],"character_chosen":"THE_SILENT","basemod:card_modifiers":[null,null,null,null,null,null,null,null,null,null,null,null,null,null,null,null,null,null,null,null,null,null,null,null,null,null,null,null,null,null,null,null,null,null],"items_purchased":["SteroidPotion","Malaise","Blur","Accuracy","Terror","Centennial Puzzle","Happy Flower","PiercingWail"],"campfire_rested":3,"item_purchase_floors":[10,10,27,29,29,29,47,47],"current_hp_per_floor":[59,59,59,56,51,16,34,11,11,11,11,11,11,11,29,8,47,35,35,35,35,35,53,52,46,46,46,46,46,45,60,60,47,57,56,53,53,53,52,52,52,52,52,52,52,52,52,52,52,52],"gold":78,"neow_bonus":"HUNDRED_GOLD","is_prod":false,"is_daily":false,"chose_seed":false,"campfire_upgraded":6,"win_rate":0,"timestamp":1687240531,"path_taken":["M","M","?","M","M","E","R","E","T","$","E","R","?","?","R","BOSS","M","?","?","?","?","R","?","E","T","$","R","$","M","M","R","BOSS","M","M","M","?","?","E","R","E","T","E","?","R","$","M","R","BOSS"],"build_version":"2022-12-18","purchased_purges":3,"victory":true,"max_hp_per_floor":[66,66,60,60,60,60,60,60,60,60,60,60,60,60,60,60,60,60,60,60,60,60,60,60,60,60,60,60,60,60,60,60,60,60,60,65,65,65,65,65,65,65,65,65,62,62,62,62,62,62],"relic_stats":{"Happy Flower":[5],"counters":[23,153],"Golden Idol":152,"Omamori":2,"Letter Opener":[260],"Bottled Tornado":"After Image","Question Card":15,"Cursed Key":2,"Centennial Puzzle":[15],"Mummified Hand":[60],"Ornamental Fan":[276],"Pandora\u0027s Box":["Infinite Blades","Predator","Poisoned Stab","Expertise","Venomology","Reflex","Eviscerate","Blade Dance"],"Bottled Lightning":"PiercingWail","Kunai":[69],"obtain_stats":[{"Happy Flower":47,"Golden Idol":3,"Thread and Needle":42,"Omamori":11,"Letter Opener":21,"Bottled Tornado":40,"Question Card":14,"Cursed Key":17,"Centennial Puzzle":29,"HornCleat":9,"Mummified Hand":6,"Ornamental Fan":26,"Pandora\u0027s Box":34,"Bottled Lightning":8,"Kunai":25,"TungstenRod":44,"Ring of the Snake":0},{"Happy Flower":21,"Golden Idol":2,"Thread and Needle":20,"Omamori":7,"Letter Opener":9,"Bottled Tornado":19,"Question Card":7,"Cursed Key":8,"Centennial Puzzle":11,"HornCleat":6,"Mummified Hand":5,"Ornamental Fan":11,"Pandora\u0027s Box":14,"Bottled Lightning":6,"Kunai":11,"TungstenRod":21,"Ring of the Snake":0},{"Happy Flower":138,"Golden Idol":8,"Thread and Needle":134,"Omamori":37,"Letter Opener":57,"Bottled Tornado":129,"Question Card":37,"Cursed Key":50,"Centennial Puzzle":71,"HornCleat":34,"Mummified Hand":26,"Ornamental Fan":71,"Pandora\u0027s Box":101,"Bottled Lightning":34,"Kunai":71,"TungstenRod":138,"Ring of the Snake":0}],"TungstenRod":0,"Ring of the Snake":[46]},"card_choices":[{"not_picked":["Prepared","Underhanded Strike"],"picked":"Dagger Spray","floor":1.0},{"not_picked":["Outmaneuver","Prepared"],"picked":"Poisoned Stab","floor":2.0},{"not_picked":["Backflip","Outmaneuver"],"picked":"Cloak And Dagger","floor":4.0},{"not_picked":["Deadly Poison","Flechettes"],"picked":"PiercingWail","floor":5.0},{"not_picked":["PiercingWail","Dodge and Roll"],"picked":"Dagger Throw","floor":6.0},{"not_picked":["Skewer","Backflip"],"picked":"Well Laid Plans","floor":8.0},{"not_picked":["Bane","Reflex"],"picked":"Blur","floor":11.0},{"not_picked":["Burst","Adrenaline","Malaise"],"picked":"After Image","floor":16.0},{"not_picked":["Masterful Stab","Bane+1","Flechettes"],"picked":"Backflip+1","floor":18.0},{"not_picked":["Prepared","Distraction","Dagger Throw"],"picked":"Predator","floor":24.0},{"not_picked":["Noxious Fumes","Dagger Throw","Setup","Endless Agony"],"picked":"SKIP","floor":25.0},{"not_picked":["Dodge and Roll","Deadly Poison","Outmaneuver"],"picked":"Quick Slash","floor":30.0},{"not_picked":["Dash","Outmaneuver","Malaise"],"picked":"Flechettes+1","floor":31.0},{"not_picked":["After Image","Unload","Malaise"],"picked":"Adrenaline","floor":33.0},{"not_picked":["Infinite Blades","Deflect+1","PiercingWail"],"picked":"Cloak And Dagger","floor":35.0},{"not_picked":["Escape Plan+1","Blade Dance","Crippling Poison"],"picked":"Leg Sweep+1","floor":36.0},{"not_picked":["Bane+1","Endless Agony","Poisoned Stab+1"],"picked":"Dodge and Roll","floor":37.0},{"not_picked":["Backflip","Wraith Form v2","Underhanded Strike"],"picked":"Cloak And Dagger","floor":39},{"not_picked":["Finisher","Deadly Poison","Grand Finale"],"picked":"Blade Dance+1","floor":40},{"not_picked":["Well Laid Plans","Doppelganger","Dash+1","Dagger Spray"],"picked":"SKIP","floor":42},{"not_picked":["Caltrops","Sucker Punch","PiercingWail"],"picked":"Backflip+1","floor":44},{"not_picked":["Slice","PiercingWail+1","Tactician"],"picked":"Acrobatics+1","floor":48}],"player_experience":5678495,"relics_obtained":[{"floor":6.0,"key":"Mummified Hand"},{"floor":8.0,"key":"Bottled Lightning"},{"floor":9.0,"key":"HornCleat"},{"floor":11.0,"key":"Omamori"},{"floor":14.0,"key":"Question Card"},{"floor":21.0,"key":"Letter Opener"},{"floor":25.0,"key":"Kunai"},{"floor":26.0,"key":"Ornamental Fan"},{"floor":40,"key":"Bottled Tornado"},{"floor":42,"key":"Thread and Needle"},{"floor":44,"key":"TungstenRod"}],"event_choices":[{"damage_healed":0.0,"max_hp_gain":0.0,"max_hp_loss":6.0,"gold_gain":0.0,"event_name":"Golden Idol","player_choice":"Lose Max HP","floor":3.0,"gold_loss":0.0,"damage_taken":0.0,"relics_obtained":["Golden Idol"]},{"damage_healed":0.0,"max_hp_gain":0.0,"max_hp_loss":0.0,"gold_gain":0.0,"event_name":"Shining Light","player_choice":"Ignored","floor":13.0,"gold_loss":0.0,"damage_taken":0.0},{"damage_healed":0.0,"max_hp_gain":0.0,"max_hp_loss":0.0,"gold_gain":0.0,"event_name":"Vampires","player_choice":"Ignored","floor":19.0,"gold_loss":0.0,"damage_taken":0.0},{"damage_healed":0.0,"max_hp_gain":0.0,"max_hp_loss":0.0,"gold_gain":50.0,"event_name":"Nest","player_choice":"Stole From Cult","floor":20.0,"gold_loss":0.0,"damage_taken":0.0},{"damage_healed":0.0,"max_hp_gain":0.0,"max_hp_loss":0.0,"gold_gain":0.0,"event_name":"Lab","player_choice":"Got Potions","floor":22.0,"gold_loss":0.0,"damage_taken":0.0},{"cards_removed":["Eviscerate"],"damage_healed":0.0,"max_hp_gain":0.0,"max_hp_loss":0.0,"gold_gain":0.0,"event_name":"Purifier","player_choice":"Purged","floor":38.0,"gold_loss":0.0,"damage_taken":0.0},{"damage_healed":0,"gold_gain":0,"player_choice":"Max HP","damage_taken":0,"max_hp_gain":0,"max_hp_loss":3,"event_name":"Winding Halls","floor":45,"gold_loss":0}],"is_beta":false,"boss_relics":[{"not_picked":["Coffee Dripper","Runic Pyramid"],"picked":"Cursed Key"},{"not_picked":["Busted Crown","Velvet Choker"],"picked":"Pandora\u0027s Box"}],"items_purged_floors":[10,27,47],"is_endless":false,"potions_floor_spawned":[6,8,11,25,30,33,36,40,44],"ascension_level":15}