{"gold_per_floor":[114,129,141,141,155,186,186,186,186,212,270,270,40,60,60,135,135,150,160,75,90,90,116,116,142,142,142,154,184,45,57,57,131,131,151,170,218,218,234,234,266,285,285,296,322,22,39,82,82,82],"floor_reached":51,"playtime":3027,"items_purged":["Strike_G","Strike_G"],"score":1612,"play_id":"a2b328aa-11ff-4f94-ae1b-64406266b219","local_time":"20230621160639","is_ascension_mode":true,"campfire_choices":[{"data":"Dash","floor":7,"key":"SMITH"},{"data":"Terror","floor":12,"key":"SMITH"},{"data":"Dodge and Roll","floor":15,"key":"SMITH"},{"data":"Die Die Die","floor":24,"key":"SMITH"},{"data":"Noxious Fumes","floor":32,"key":"SMITH"},{"data":"Tools of the Trade","floor":40,"key":"SMITH"},{"data":"After Image","floor":49,"key":"SMITH"}],"neow_cost":"NONE","seed_source_timestamp":282003518011700,"circlet_count":0,"master_deck":["AscendersBane","Strike_G+1","Defend_G","Defend_G+1","Defend_G+1","Defend_G","Defend_G+1","Survivor","Neutralize","Terror+1","Dash+1","Die Die Die+1","Dodge and Roll+1","Quick Slash","Escape Plan","Flying Knee","Tools of the Trade+1","Backstab","Dagger Throw+1","Deflect+1","Underhanded Strike","Blur","Noxious Fumes+1","Deflect+1","After Image+1","Sucker Punch+1","Outmaneuver+1","Adrenaline"],"special_seed":0,"relics":["Ring of the Snake","Akabeko","Meat on the Bone","Letter Opener","Mercury Hourglass","Boot","War Paint","Bag of Preparation","Runic Pyramid","Art of War","Nilry\u0027s Codex","Nunchaku","Snake Skull","Regal Pillow","Bag of Marbles","Sozu","Ice Cream","Lizard Tail","CeramicFish","Bronze Scales","Lantern","Medical Kit","Bottled Flame"],"potions_floor_usage":[10,18,23,50],"damage_taken":[{"damage":4,"enemies":"Small Slimes","floor":1,"turns":3},{"damage":0,"enemies":"2 Louse","floor":2,"turns":3},{"damage":0,"enemies":"Cultist","floor":3,"turns":3},{"damage":0,"enemies":"Exordium Wildlife","floor":5,"turns":3},{"damage":28,"enemies":"Lagavulin","floor":6,"turns":8},{"damage":3,"enemies":"Gremlin Nob","floor":10,"turns":3},{"damage":8,"enemies":"3 Sentries","floor":11,"turns":4},{"damage":0,"enemies":"2 Fungi Beasts","floor":14,"turns":3},{"damage":8,"enemies":"The Guardian","floor":16,"turns":14},{"damage":0,"enemies":"Spheric Guardian","floor":18,"turns":3},{"damage":0,"enemies":"3 Byrds","floor":19,"turns":3},{"damage":0,"enemies":"Cultist and Chosen","floor":21,"turns":4},{"damage":10,"enemies":"Book of Stabbing","floor":23,"turns":4},{"damage":0,"enemies":"Gremlin Leader","floor":25,"turns":5},{"damage":3,"enemies":"Snake Plant","floor":28,"turns":2},{"damage":6,"enemies":"Book of Stabbing","floor":29,"turns":5},{"damage":0,"enemies":"Centurion and Healer","floor":31,"turns":4},{"damage":0,"enemies":"Champ","floor":33,"turns":11},{"damage":0,"enemies":"Orb Walker","floor":35,"turns":2},{"damage":0,"enemies":"3 Darklings","floor":36,"turns":4},{"damage":11,"enemies":"2 Orb Walkers","floor":37,"turns":3},{"damage":17,"enemies":"Jaw Worm Horde","floor":39,"turns":4},{"damage":1,"enemies":"Giant Head","floor":41,"turns":9},{"damage":0,"enemies":"Sphere and 2 Shapes","floor":42,"turns":3},{"damage":6,"enemies":"4 Shapes","floor":44,"turns":4},{"damage":0,"enemies":"Nemesis","floor":45,"turns":5},{"damage":0,"enemies":"3 Darklings","floor":47,"turns":1},{"damage":6,"enemies":"Giant Head","floor":48,"turns":9},{"damage":0,"enemies":"Awakened One","floor":50,"turns":16}],"seed_played":"-5826025903002381341","potions_obtained":[{"floor":1,"key":"SkillPotion"},{"floor":10,"key":"Energy Potion"},{"floor":11,"key":"AttackPotion"},{"floor":18,"key":"LiquidBronze"},{"floor":25,"key":"Strength Potion"},{"floor":31,"key":"BlessingOfTheForge"}],"is_trial":false,"path_per_floor":["M","M","M","?","M","E","R","?","T","E","?","R","$","M","R","B",null,"M","M","?","M","?","E","R","E","T","?","M","E","$","M","R","B",null,"M","M","?","?","M","R","E","M","T","M","E","$","M","E","R","B",null],"character_chosen":"THE_SILENT","basemod:card_modifiers":[null,null,null,null,null,null,null,null,null,null,null,null,null,null,null,null,null,null,null,null,null,null,null,null,null,null,null,null],"items_purchased":["Bag of Preparation","Noxious Fumes","Lantern","Medical Kit"],"campfire_rested":0,"item_purchase_floors":[13,30,46,46],"current_hp_per_floor":[55,55,55,50,50,34,34,14,14,23,27,27,27,39,39,43,60,60,60,60,60,39,41,41,41,41,41,38,44,44,44,44,44,61,61,61,50,50,45,45,44,44,44,38,38,38,38,44,44,44],"gold":82,"neow_bonus":"RANDOM_COMMON_RELIC","is_prod":false,"is_daily":false,"chose_seed":false,"campfire_upgraded":7,"win_rate":0,"timestamp":1687388799,"path_taken":["M","M","M","?","M","E","R","?","T","E","?","R","$","M","R","BOSS","M","M","?","M","?","E","R","E","T","?","M","E","$","?","R","BOSS","M","M","?","?","M","R","E","M","T","M","E","$","M","E","R","BOSS"],"build_version":"2022-12-18","purchased_purges":2,"victory":true,"max_hp_per_floor":[66,66,66,66,66,66,66,66,66,66,66,66,66,66,66,66,66,66,66,66,66,66,66,66,66,66,66,66,66,66,66,66,66,66,66,66,66,66,66,66,66,66,66,66,66,66,66,66,66,66],"relic_stats":{"Ice Cream":[109],"Regal Pillow":0,"counters":[29,144],"Nilry\u0027s Codex":[3,16,23,33],"CeramicFish":9,"Snake Skull":[63],"Bag of Preparation":[44],"Letter Opener":[292],"War Paint":["Defend_G","Defend_G"],"Boot":[43],"Medical Kit":[2],"Mercury Hourglass":[451],"Sozu":4,"Nunchaku":[19],"Lizard Tail":0,"Bottled Flame":"Die Die Die","Bronze Scales":[104],"Art of War":[14],"obtain_stats":[{"Ice Cream":37,"Regal Pillow":26,"Lantern":46,"Nilry\u0027s Codex":22,"CeramicFish":43,"Snake Skull":25,"Bag of Preparation":13,"Letter Opener":6,"War Paint":11,"Boot":10,"Medical Kit":46,"Akabeko":0,"Mercury Hourglass":9,"Sozu":34,"Nunchaku":23,"Lizard Tail":41,"Bottled Flame":48,"Bronze Scales":45,"Art of War":20,"Bag of Marbles":29,"Ring of the Snake":0,"Meat on the Bone":4,"Runic Pyramid":17},{"Ice Cream":21,"Regal Pillow":14,"Lantern":26,"Nilry\u0027s Codex":12,"CeramicFish":24,"Snake Skull":14,"Bag of Preparation":7,"Letter Opener":5,"War Paint":7,"Boot":6,"Medical Kit":26,"Akabeko":0,"Mercury Hourglass":5,"Sozu":18,"Nunchaku":13,"Lizard Tail":23,"Bottled Flame":28,"Bronze Scales":26,"Art of War":11,"Bag of Marbles":16,"Ring of the Snake":0,"Meat on the Bone":3,"Runic Pyramid":9},{"Ice Cream":93,"Regal Pillow":62,"Lantern":118,"Nilry\u0027s Codex":53,"CeramicFish":109,"Snake Skull":62,"Bag of Preparation":27,"Letter Opener":20,"War Paint":27,"Boot":23,"Medical Kit":118,"Akabeko":0,"Mercury Hourglass":20,"Sozu":84,"Nunchaku":57,"Lizard Tail":106,"Bottled Flame":128,"Bronze Scales":118,"Art of War":50,"Bag of Marbles":69,"Ring of the Snake":0,"Meat on the Bone":9,"Runic Pyramid":44}],"Ring of the Snake":[58],"Meat on the Bone":108},"card_choices":[{"not_picked":["Dagger Throw","Flying Knee"],"picked":"Terror","floor":1},{"not_picked":["Prepared","Poisoned Stab"],"picked":"Dash","floor":2},{"not_picked":["All Out Attack","Poisoned Stab"],"picked":"Die Die Die","floor":3},{"not_picked":["Deadly Poison","Masterful Stab"],"picked":"Dodge and Roll","floor":5},{"not_picked":["Underhanded Strike","Slice"],"picked":"Quick Slash","floor":6},{"not_picked":["Eviscerate","Bullet Time"],"picked":"Escape Plan","floor":10},{"not_picked":["Setup","Flechettes"],"picked":"Flying Knee","floor":14},{"not_picked":["Burst","Unload"],"picked":"Tools of the Trade","floor":16},{"not_picked":["Flying Knee","Backflip"],"picked":"Backstab","floor":18},{"not_picked":["Distraction","Poisoned Stab","Prepared"],"picked":"SKIP","floor":19},{"not_picked":["Bane","Tactician"],"picked":"Dagger Throw+1","floor":21},{"not_picked":["Flechettes","Poisoned Stab"],"picked":"Deflect+1","floor":23},{"not_picked":["Underhanded Strike","Flying Knee","Deadly Poison"],"picked":"SKIP","floor":25},{"not_picked":["Flying Knee","Deadly Poison"],"picked":"Underhanded Strike","floor":25},{"not_picked":["Unload","Deadly Poison"],"picked":"Blur","floor":28},{"not_picked":["Dodge and Roll+1","Underhanded Strike","Eviscerate"],"picked":"SKIP","floor":29},{"not_picked":["Flechettes","Cloak And Dagger"],"picked":"Deflect+1","floor":31},{"not_picked":["Wraith Form v2","A Thousand Cuts"],"picked":"After Image","floor":33},{"not_picked":["Dagger Throw","Riddle With Holes","Flying Knee"],"picked":"SKIP","floor":35},{"not_picked":["Underhanded Strike","Backflip","Noxious Fumes+1"],"picked":"SKIP","floor":36},{"not_picked":["Flying Knee","Accuracy"],"picked":"Sucker Punch+1","floor":37},{"not_picked":["Accuracy","Tools of the Trade","Bouncing Flask+1"],"picked":"SKIP","floor":39},{"not_picked":["Prepared","Expertise","Dagger Throw"],"picked":"SKIP","floor":41},{"not_picked":["Backflip+1","Tools of the Trade"],"picked":"Outmaneuver+1","floor":42},{"not_picked":["Skewer","Acrobatics","Cloak And Dagger+1"],"picked":"SKIP","floor":44},{"not_picked":["Dagger Throw","Catalyst","Die Die Die"],"picked":"SKIP","floor":45},{"not_picked":["Acrobatics","Backflip","Poisoned Stab"],"picked":"SKIP","floor":47},{"not_picked":["Cloak And Dagger","Eviscerate"],"picked":"Adrenaline","floor":48}],"player_experience":5688584,"relics_obtained":[{"floor":6,"key":"Letter Opener"},{"floor":9,"key":"Mercury Hourglass"},{"floor":10,"key":"Boot"},{"floor":11,"key":"War Paint"},{"floor":22,"key":"Nilry\u0027s Codex"},{"floor":23,"key":"Nunchaku"},{"floor":25,"key":"Snake Skull"},{"floor":26,"key":"Regal Pillow"},{"floor":29,"key":"Bag of Marbles"},{"floor":37,"key":"Ice Cream"},{"floor":41,"key":"Lizard Tail"},{"floor":43,"key":"CeramicFish"},{"floor":45,"key":"Bronze Scales"},{"floor":48,"key":"Bottled Flame"}],"event_choices":[{"damage_healed":0,"gold_gain":0,"player_choice":"Success","damage_taken":5,"relics_obtained":["Meat on the Bone"],"max_hp_gain":0,"max_hp_loss":0,"event_name":"Scrap Ooze","floor":4,"gold_loss":0},{"damage_healed":0,"gold_gain":0,"player_choice":"Entered Light","damage_taken":20,"max_hp_gain":0,"max_hp_loss":0,"event_name":"Shining Light","floor":8,"gold_loss":0,"cards_upgraded":["Defend_G","Strike_G"]},{"damage_healed":0,"gold_gain":0,"player_choice":"Searched \u00271\u0027 times","damage_taken":0,"max_hp_gain":0,"max_hp_loss":0,"event_name":"Dead Adventurer","floor":11,"gold_loss":0},{"damage_healed":0,"gold_gain":0,"player_choice":"Obtained Relic","damage_taken":0,"relics_obtained":["Art of War"],"max_hp_gain":0,"max_hp_loss":0,"event_name":"Addict","floor":20,"gold_loss":85},{"damage_healed":0,"gold_gain":0,"player_choice":"Obtained Book","damage_taken":21,"max_hp_gain":0,"max_hp_loss":0,"event_name":"Cursed Tome","floor":22,"gold_loss":0},{"cards_removed":["Strike_G"],"damage_healed":0,"gold_gain":0,"player_choice":"Purged","damage_taken":0,"max_hp_gain":0,"max_hp_loss":0,"event_name":"Purifier","floor":27,"gold_loss":0},{"damage_healed":0,"gold_gain":0,"player_choice":"Fight","damage_taken":0,"max_hp_gain":0,"max_hp_loss":0,"event_name":"Mysterious Sphere","floor":37,"gold_loss":0},{"cards_removed":["Strike_G"],"damage_healed":0,"gold_gain":0,"player_choice":"Removed Attack","damage_taken":0,"max_hp_gain":0,"max_hp_loss":0,"event_name":"Falling","floor":38,"gold_loss":0}],"is_beta":false,"boss_relics":[{"not_picked":["Empty Cage","Snecko Eye"],"picked":"Runic Pyramid"},{"not_picked":["Black Star","Ring of the Serpent"],"picked":"Sozu"}],"items_purged_floors":[13,30],"is_endless":false,"potions_floor_spawned":[1,10,11,16,18,19,25,29,31,35,39,42,47,48],"ascension_level":15}