{"gold_per_floor":[119,135,135,41,56,56,91,91,91,102,135,135,135,170,170,247,247,262,537,76,89,103,129,129,146,146,172,172,202,218,70,70,144,144,164,215,230,230,241,276,276,286,286,286,297,277,18,55,55,55],"floor_reached":51,"playtime":2275,"items_purged":["Regret","Noxious Fumes","Flying Knee"],"score":1508,"play_id":"e098763c-d5ef-41d7-90c5-d4e332eb8d6c","local_time":"20230623170449","is_ascension_mode":true,"campfire_choices":[{"data":"Predator","floor":6.0,"key":"SMITH"},{"data":"Neutralize","floor":8.0,"key":"SMITH"},{"data":"Dodge and Roll","floor":13.0,"key":"SMITH"},{"data":"Flying Knee","floor":15.0,"key":"SMITH"},{"data":"Glass Knife","floor":24,"key":"SMITH"},{"data":"Accuracy","floor":28,"key":"SMITH"},{"data":"Predator","floor":32,"key":"SMITH"},{"data":"After Image","floor":41,"key":"SMITH"},{"data":"Survivor","floor":49,"key":"SMITH"}],"neow_cost":"","seed_source_timestamp":0,"circlet_count":0,"master_deck":["AscendersBane","Survivor+1","Neutralize+1","Predator+1","Backstab","Flying Knee+1","Slice","Dodge and Roll+1","Deadly Poison+1","Bullet Time+1","Blade Dance+1","Glass Knife+1","Predator+1","Crippling Poison+1","Venomology+1","Bouncing Flask+1","Blur+1","Calculated Gamble+1","Leg Sweep+1","Reflex+1","Acrobatics+1","Cloak And Dagger+1","Prepared+1","Accuracy+1","Dodge and Roll+1","PiercingWail+1","Cloak And Dagger+1","After Image+1","Backflip+1","Backflip+1","Blade Dance+1","Acrobatics+1","Good Instincts+1","Calculated Gamble+1"],"special_seed":0,"relics":["Ring of the Snake","Kunai","Tingsha","Toxic Egg 2","Darkstone Periapt","Pandora\u0027s Box","Paper Crane","Ninja Scroll","Singing Bowl","Du-Vu Doll","Unceasing Top","Philosopher\u0027s Stone","WingedGreaves","CeramicFish","Omamori","InkBottle"],"potions_floor_usage":[21,23,29,33,36,39,40,42,45,50,50,50,50],"damage_taken":[{"damage":1.0,"enemies":"Cultist","floor":1.0,"turns":6.0},{"damage":0.0,"enemies":"2 Louse","floor":2.0,"turns":3.0},{"damage":0.0,"enemies":"Small Slimes","floor":5.0,"turns":2.0},{"damage":14.0,"enemies":"3 Sentries","floor":7.0,"turns":9.0},{"damage":0.0,"enemies":"Gremlin Gang","floor":10.0,"turns":4.0},{"damage":6.0,"enemies":"Gremlin Nob","floor":11.0,"turns":3.0},{"damage":12.0,"enemies":"Lagavulin","floor":14.0,"turns":8.0},{"damage":11.0,"enemies":"The Guardian","floor":16.0,"turns":10.0},{"damage":4.0,"enemies":"Shell Parasite","floor":18.0,"turns":3.0},{"damage":0,"enemies":"Chosen","floor":21,"turns":3},{"damage":0,"enemies":"Snecko","floor":22,"turns":3},{"damage":0,"enemies":"Book of Stabbing","floor":23,"turns":4},{"damage":0,"enemies":"3 Cultists","floor":25,"turns":4},{"damage":10,"enemies":"Gremlin Leader","floor":27,"turns":4},{"damage":13,"enemies":"Book of Stabbing","floor":29,"turns":2},{"damage":0,"enemies":"Shelled Parasite and Fungi","floor":30,"turns":3},{"damage":0,"enemies":"Champ","floor":33,"turns":11},{"damage":0,"enemies":"3 Shapes","floor":35,"turns":2},{"damage":3,"enemies":"2 Orb Walkers","floor":36,"turns":5},{"damage":0,"enemies":"3 Darklings","floor":37,"turns":3},{"damage":0,"enemies":"Jaw Worm Horde","floor":39,"turns":3},{"damage":3,"enemies":"Reptomancer","floor":40,"turns":6},{"damage":5,"enemies":"Spire Growth","floor":42,"turns":4},{"damage":0,"enemies":"Sphere and 2 Shapes","floor":45,"turns":4},{"damage":0,"enemies":"Nemesis","floor":48,"turns":7},{"damage":14,"enemies":"Donu and Deca","floor":50,"turns":10}],"seed_played":"5225689947679510351","potions_obtained":[{"floor":1.0,"key":"EntropicBrew"},{"floor":7.0,"key":"CunningPotion"},{"floor":14.0,"key":"Weak Potion"},{"floor":16.0,"key":"PowerPotion"},{"floor":21,"key":"Block Potion"},{"floor":46,"key":"DuplicationPotion"}],"is_trial":true,"path_per_floor":["M","M","?","$","M","R","E","R","T","M","E","?","R","E","R","B",null,"M","?","$","M","M","E","R","M","T","E","R","E","M","$","R","B",null,"M","?","M","?","M","E","R","M","T","$","M","?","$","E","R","B",null],"character_chosen":"THE_SILENT","basemod:card_modifiers":[null,null,null,null,null,null,null,null,null,null,null,null,null,null,null,null,null,null,null,null,null,null,null,null,null,null,null,null,null,null,null,null,null,null],"items_purchased":["SteroidPotion","Flying Knee","Paper Crane","Leg Sweep+1","Reflex+1","Cloak And Dagger+1","Blade Dance+1","Acrobatics+1","Good Instincts+1"],"campfire_rested":0,"item_purchase_floors":[4,4,20,20,20,31,47,47,47],"current_hp_per_floor":[58,58,58,58,58,58,44,44,44,44,38,38,38,26,26,15,53,49,55,55,55,55,55,55,55,55,45,45,32,32,32,32,32,62,64,63,63,63,63,62,62,59,59,59,61,61,61,61,61,47],"gold":55,"neow_bonus":"","is_prod":false,"is_daily":false,"chose_seed":true,"campfire_upgraded":9,"win_rate":0,"timestamp":1687565089,"path_taken":["M","M","?","?","M","R","E","R","T","M","E","?","R","E","R","BOSS","M","?","$","?","M","E","R","M","T","E","R","E","M","$","R","BOSS","M","?","M","?","M","E","R","M","T","?","?","?","$","E","R","BOSS"],"build_version":"2022-12-18","purchased_purges":3,"victory":true,"max_hp_per_floor":[66,66,66,66,66,66,66,66,66,66,66,66,66,66,66,66,66,66,72,72,72,72,72,72,72,72,72,72,72,72,72,72,72,72,74,76,76,76,76,78,78,80,80,80,82,82,82,82,82,82],"relic_stats":{"Darkstone Periapt":6,"Singing Bowl":10,"counters":[26,126],"CeramicFish":36,"Tingsha":[323],"Omamori":0,"Pandora\u0027s Box":["Blade Dance","Flying Knee","Glass Knife","Predator","Crippling Poison","Venomology","Bouncing Flask","Blur","Noxious Fumes"],"WingedGreaves":2,"Kunai":[90],"obtain_stats":[{"Darkstone Periapt":14,"Singing Bowl":26,"CeramicFish":40,"Tingsha":9,"Omamori":43,"Paper Crane":20,"Du-Vu Doll":27,"Ninja Scroll":23,"Pandora\u0027s Box":17,"Philosopher\u0027s Stone":34,"WingedGreaves":36,"Kunai":7,"Toxic Egg 2":11,"Unceasing Top":29,"InkBottle":48,"Ring of the Snake":0},{"Darkstone Periapt":7,"Singing Bowl":13,"CeramicFish":22,"Tingsha":4,"Omamori":23,"Paper Crane":9,"Du-Vu Doll":14,"Ninja Scroll":12,"Pandora\u0027s Box":8,"Philosopher\u0027s Stone":17,"WingedGreaves":19,"Kunai":4,"Toxic Egg 2":6,"Unceasing Top":15,"InkBottle":25,"Ring of the Snake":0},{"Darkstone Periapt":35,"Singing Bowl":62,"CeramicFish":101,"Tingsha":20,"Omamori":105,"Paper Crane":48,"Du-Vu Doll":66,"Ninja Scroll":58,"Pandora\u0027s Box":45,"Philosopher\u0027s Stone":82,"WingedGreaves":89,"Kunai":20,"Toxic Egg 2":27,"Unceasing Top":68,"InkBottle":116,"Ring of the Snake":0}],"Unceasing Top":[4],"InkBottle":[7],"Ring of the Snake":[52]},"card_choices":[{"not_picked":["Caltrops","Dagger Spray"],"picked":"Predator","floor":1.0},{"not_picked":["Sucker Punch","Underhanded Strike"],"picked":"Backstab","floor":2.0},{"not_picked":["Flechettes","Bane","Finisher"],"picked":"SKIP","floor":5.0},{"not_picked":["Poisoned Stab","Heel Hook"],"picked":"Slice","floor":7.0},{"not_picked":["Concentrate","Expertise"],"picked":"Dodge and Roll","floor":10.0},{"not_picked":["Predator","Endless Agony","Tactician+1"],"picked":"SKIP","floor":11.0},{"not_picked":["Poisoned Stab","Blur+1"],"picked":"Deadly Poison+1","floor":14.0},{"not_picked":["Wraith Form v2","Die Die Die"],"picked":"Bullet Time+1","floor":16.0},{"not_picked":["Flying Knee+1","Bane"],"picked":"Calculated Gamble+1","floor":18.0},{"not_picked":["Flying Knee","Grand Finale"],"picked":"Acrobatics+1","floor":21},{"not_picked":["Backstab","Bouncing Flask+1","Quick Slash"],"picked":"SKIP","floor":22},{"not_picked":["Acrobatics+1","Well Laid Plans"],"picked":"Cloak And Dagger+1","floor":23},{"not_picked":["Bouncing Flask+1","Cloak And Dagger+1"],"picked":"Prepared+1","floor":25},{"not_picked":["Reflex+1","PiercingWail+1"],"picked":"Accuracy","floor":27},{"not_picked":["Envenom","Dagger Throw"],"picked":"Dodge and Roll+1","floor":29},{"not_picked":["Sucker Punch","Accuracy"],"picked":"PiercingWail+1","floor":30},{"not_picked":["Corpse Explosion+1","Storm of Steel+1"],"picked":"After Image","floor":33},{"not_picked":["Sucker Punch","Dagger Throw+1","Outmaneuver+1"],"picked":"Singing Bowl","floor":35},{"not_picked":["Quick Slash","Dash","Slice"],"picked":"Singing Bowl","floor":36},{"not_picked":["Bane","Calculated Gamble+1"],"picked":"Backflip+1","floor":37},{"not_picked":["Dagger Spray","Dagger Throw"],"picked":"Backflip+1","floor":39},{"not_picked":["Deadly Poison+1","Bouncing Flask+1","Bane"],"picked":"Singing Bowl","floor":40},{"not_picked":["Expertise+1","Slice","Flying Knee"],"picked":"Singing Bowl","floor":42},{"not_picked":["Heel Hook","Bane","Deadly Poison+1"],"picked":"Singing Bowl","floor":45},{"not_picked":["Slice+1","Noxious Fumes"],"picked":"Calculated Gamble+1","floor":48}],"player_experience":5696239,"relics_obtained":[{"floor":7.0,"key":"Kunai"},{"floor":9.0,"key":"Tingsha"},{"floor":11.0,"key":"Toxic Egg 2"},{"floor":14.0,"key":"Darkstone Periapt"},{"floor":23,"key":"Ninja Scroll"},{"floor":26,"key":"Singing Bowl"},{"floor":27,"key":"Du-Vu Doll"},{"floor":29,"key":"Unceasing Top"},{"floor":36,"key":"WingedGreaves"},{"floor":40,"key":"CeramicFish"},{"floor":43,"key":"Omamori"},{"floor":48,"key":"InkBottle"}],"event_choices":[{"cards_removed":["Strike_G"],"damage_healed":0.0,"max_hp_gain":0.0,"max_hp_loss":0.0,"gold_gain":0.0,"event_name":"Bonfire Elementals","player_choice":"Offered Basic","floor":3.0,"gold_loss":0.0,"damage_taken":0.0},{"damage_healed":0.0,"max_hp_gain":0.0,"max_hp_loss":0.0,"gold_gain":0.0,"event_name":"Liars Game","player_choice":"Ignored","floor":12.0,"gold_loss":0.0,"damage_taken":0.0},{"damage_healed":0.0,"max_hp_gain":0.0,"max_hp_loss":0.0,"gold_gain":275.0,"event_name":"Golden Shrine","player_choice":"Desecrate","floor":19.0,"gold_loss":0.0,"damage_taken":0.0,"cards_obtained":["Regret"]},{"damage_healed":0,"gold_gain":0,"player_choice":"Fight","damage_taken":0,"max_hp_gain":0,"max_hp_loss":0,"event_name":"Mysterious Sphere","floor":36,"gold_loss":0},{"damage_healed":0,"gold_gain":0,"player_choice":"Ignored","damage_taken":0,"max_hp_gain":0,"max_hp_loss":0,"event_name":"Tomb of Lord Red Mask","floor":38,"gold_loss":0},{"damage_healed":0,"gold_gain":0,"player_choice":"Bought 1 Potion","damage_taken":0,"max_hp_gain":0,"max_hp_loss":0,"event_name":"The Woman in Blue","floor":46,"gold_loss":0}],"is_beta":false,"boss_relics":[{"not_picked":["Calling Bell","Ring of the Serpent"],"picked":"Pandora\u0027s Box"},{"not_picked":["Velvet Choker","Empty Cage"],"picked":"Philosopher\u0027s Stone"}],"items_purged_floors":[20,31,47],"is_endless":false,"potions_floor_spawned":[1,7,14,16,18,21,22,25,29,36,39,45],"ascension_level":15}