{"gold_per_floor":[17,17,27,27,51,51,70,98,124,124,124,49,62,101,101,194,194,207,207,35,35,55,93,93,107,160,37,37,37,37,76,76,169,169,189,209,209,109,134,165,165,208,208,19,58,78,122,143,143,143],"floor_reached":51,"playtime":2183,"items_purged":["Strike_G","Deadly Poison"],"score":1422,"play_id":"888797ed-2b51-4d97-9995-6d0c0f37edc4","local_time":"20230617231112","is_ascension_mode":true,"campfire_choices":[{"data":"Skewer","floor":6.0,"key":"SMITH"},{"data":"Dagger Spray","floor":15.0,"key":"SMITH"},{"data":"Blade Dance","floor":24.0,"key":"SMITH"},{"data":"Terror","floor":28.0,"key":"SMITH"},{"data":"Footwork","floor":30.0,"key":"SMITH"},{"floor":32.0,"key":"REST"},{"floor":41.0,"key":"REST"},{"floor":49,"key":"REST"}],"neow_cost":"NO_GOLD","seed_source_timestamp":124183901367900,"circlet_count":0,"master_deck":["AscendersBane","Strike_G+1","Strike_G+1","Defend_G+1","Defend_G","Defend_G","Defend_G","Defend_G+1","Survivor","Neutralize+1","Backstab","Skewer+1","Footwork+1","Dagger Spray+1","Terror+1","Corpse Explosion","Blur+1","Blade Dance+1","Accuracy","Well Laid Plans","Dodge and Roll","Wraith Form v2","Acrobatics","Escape Plan","Accuracy","Crippling Poison","Caltrops+1","Blade Dance+1","Accuracy+1","Blade Dance"],"special_seed":0,"relics":["Ring of the Snake","Strawberry","Juzu Bracelet","Vajra","Golden Idol","Bag of Preparation","Black Star","Centennial Puzzle","Whetstone","Bronze Scales","Dream Catcher","War Paint","Philosopher\u0027s Stone","StrikeDummy","Sundial","Girya","Ancient Tea Set","Mummified Hand","MealTicket","Orichalcum","Eternal Feather"],"potions_floor_usage":[48,50],"damage_taken":[{"damage":1.0,"enemies":"Small Slimes","floor":1.0,"turns":6.0},{"damage":0.0,"enemies":"2 Louse","floor":3.0,"turns":3.0},{"damage":2.0,"enemies":"Jaw Worm","floor":7.0,"turns":4.0},{"damage":25.0,"enemies":"3 Sentries","floor":8.0,"turns":7.0},{"damage":0.0,"enemies":"Exordium Wildlife","floor":13.0,"turns":4.0},{"damage":9.0,"enemies":"Lagavulin","floor":14.0,"turns":8.0},{"damage":28.0,"enemies":"Hexaghost","floor":16.0,"turns":12.0},{"damage":17.0,"enemies":"Spheric Guardian","floor":18.0,"turns":5.0},{"damage":1.0,"enemies":"3 Byrds","floor":22.0,"turns":5.0},{"damage":3.0,"enemies":"Slavers","floor":23.0,"turns":3.0},{"damage":3.0,"enemies":"Centurion and Healer","floor":25.0,"turns":5.0},{"damage":17.0,"enemies":"Gremlin Leader","floor":31.0,"turns":5.0},{"damage":53.0,"enemies":"Collector","floor":33.0,"turns":13.0},{"damage":4.0,"enemies":"Orb Walker","floor":35.0,"turns":3.0},{"damage":16.0,"enemies":"3 Darklings","floor":36.0,"turns":2.0},{"damage":8.0,"enemies":"Transient","floor":39.0,"turns":5.0},{"damage":21.0,"enemies":"Giant Head","floor":40.0,"turns":9.0},{"damage":5.0,"enemies":"Nemesis","floor":42.0,"turns":9.0},{"damage":4.0,"enemies":"Reptomancer","floor":45.0,"turns":7.0},{"damage":14.0,"enemies":"Writhing Mass","floor":46.0,"turns":6.0},{"damage":2,"enemies":"Giant Head","floor":47,"turns":7},{"damage":6,"enemies":"Sphere and 2 Shapes","floor":48,"turns":5},{"damage":35,"enemies":"Donu and Deca","floor":50,"turns":4}],"seed_played":"888142746208523956","potions_obtained":[{"floor":3.0,"key":"Swift Potion"},{"floor":8.0,"key":"FearPotion"},{"floor":18.0,"key":"PowerPotion"},{"floor":31.0,"key":"SteroidPotion"},{"floor":33.0,"key":"SkillPotion"},{"floor":39.0,"key":"SneckoOil"},{"floor":42.0,"key":"GhostInAJar"}],"is_trial":false,"path_per_floor":["M","?","M","?","T","R","M","E","T","?","?","?","M","E","R","B",null,"M","?","$","?","M","E","R","M","T","$","R","?","R","E","R","B",null,"M","M","?","$","M","E","R","E","T","$","E","M","E","M","R","B",null],"character_chosen":"THE_SILENT","basemod:card_modifiers":[null,null,null,null,null,null,null,null,null,null,null,null,null,null,null,null,null,null,null,null,null,null,null,null,null,null,null,null,null,null],"items_purchased":["Blade Dance","Accuracy","Regen Potion","AttackPotion","Dexterity Potion","Accuracy","Crippling Poison"],"campfire_rested":3,"item_purchase_floors":[20,20,27,27,44,44,44],"current_hp_per_floor":[70,70,70,75,82,82,80,55,55,48,48,48,48,39,39,11,64,47,47,47,47,46,43,43,40,40,40,40,40,40,37,61,8,63,59,43,43,43,35,14,38,33,33,33,29,15,13,7,46,11],"gold":143,"neow_bonus":"TWENTY_PERCENT_HP_BONUS","is_prod":false,"is_daily":false,"chose_seed":false,"campfire_upgraded":5,"win_rate":0,"timestamp":1687068672,"path_taken":["M","?","M","?","?","R","M","E","T","?","?","?","M","E","R","BOSS","M","?","$","?","M","E","R","M","T","$","R","?","R","E","R","BOSS","M","M","?","$","M","E","R","E","T","$","E","M","E","M","R","BOSS"],"build_version":"2022-12-18","purchased_purges":2,"victory":true,"max_hp_per_floor":[78,78,78,83,90,90,90,90,90,90,81,81,81,81,81,81,81,81,81,81,81,81,81,81,81,81,81,81,81,81,81,81,81,81,81,81,81,81,81,81,81,81,81,81,81,81,81,81,81,81],"relic_stats":{"Girya":0,"counters":[23,137],"Golden Idol":156,"Eternal Feather":15,"Juzu Bracelet":1,"Bag of Preparation":[34],"Whetstone":["Strike_G","Strike_G"],"War Paint":["Defend_G","Defend_G"],"Orichalcum":[6],"Ancient Tea Set":[2],"Centennial Puzzle":[39],"Dream Catcher":3,"Sundial":[6],"Mummified Hand":[34],"Bronze Scales":[191],"MealTicket":0,"Black Star":6,"obtain_stats":[{"Girya":42,"Golden Idol":11,"Vajra":9,"Eternal Feather":47,"Juzu Bracelet":8,"Bag of Preparation":14,"Whetstone":23,"War Paint":31,"Orichalcum":47,"Ancient Tea Set":42,"Centennial Puzzle":23,"Dream Catcher":31,"Sundial":40,"Mummified Hand":43,"Strawberry":5,"Bronze Scales":26,"Philosopher\u0027s Stone":34,"MealTicket":45,"Black Star":17,"StrikeDummy":40,"Ring of the Snake":0},{"Girya":18,"Golden Idol":4,"Vajra":4,"Eternal Feather":21,"Juzu Bracelet":4,"Bag of Preparation":6,"Whetstone":10,"War Paint":12,"Orichalcum":21,"Ancient Tea Set":18,"Centennial Puzzle":10,"Dream Catcher":12,"Sundial":17,"Mummified Hand":18,"Strawberry":2,"Bronze Scales":11,"Philosopher\u0027s Stone":13,"MealTicket":19,"Black Star":7,"StrikeDummy":17,"Ring of the Snake":0},{"Girya":108,"Golden Idol":20,"Vajra":20,"Eternal Feather":128,"Juzu Bracelet":20,"Bag of Preparation":32,"Whetstone":57,"War Paint":67,"Orichalcum":128,"Ancient Tea Set":108,"Centennial Puzzle":57,"Dream Catcher":67,"Sundial":99,"Mummified Hand":108,"Strawberry":9,"Bronze Scales":62,"Philosopher\u0027s Stone":80,"MealTicket":115,"Black Star":44,"StrikeDummy":99,"Ring of the Snake":0}],"Ring of the Snake":[46]},"card_choices":[{"not_picked":["Deflect","Outmaneuver"],"picked":"Backstab","floor":1.0},{"not_picked":["Poisoned Stab","Cloak And Dagger"],"picked":"Skewer","floor":3.0},{"not_picked":["Acrobatics","Deflect"],"picked":"Deadly Poison","floor":7.0},{"not_picked":["Cloak And Dagger","Accuracy"],"picked":"Footwork","floor":8.0},{"not_picked":["Outmaneuver","Dodge and Roll"],"picked":"Dagger Spray","floor":13.0},{"not_picked":["Poisoned Stab","Deflect"],"picked":"Terror","floor":14.0},{"not_picked":["Envenom","Grand Finale"],"picked":"Corpse Explosion","floor":16.0},{"not_picked":["Cloak And Dagger","Expertise"],"picked":"Blur+1","floor":18.0},{"not_picked":["Skewer","Catalyst","Dagger Spray"],"picked":"SKIP","floor":22.0},{"not_picked":["Flying Knee","Deadly Poison","Crippling Poison"],"picked":"SKIP","floor":23.0},{"not_picked":["Flying Knee","Deadly Poison","Crippling Poison"],"picked":"SKIP","floor":23.0},{"not_picked":["Catalyst+1","Deadly Poison"],"picked":"Well Laid Plans","floor":25.0},{"not_picked":["Outmaneuver","Bane","Riddle With Holes"],"picked":"SKIP","floor":31.0},{"not_picked":["Dash","Storm of Steel"],"picked":"Dodge and Roll","floor":32.0},{"not_picked":["Doppelganger","Corpse Explosion"],"picked":"Wraith Form v2","floor":33.0},{"not_picked":["Quick Slash+1","Infinite Blades+1"],"picked":"Acrobatics","floor":35.0},{"not_picked":["Catalyst","Riddle With Holes","Deflect"],"picked":"SKIP","floor":36.0},{"not_picked":["Prepared","Poisoned Stab","Outmaneuver"],"picked":"SKIP","floor":39.0},{"not_picked":["Dash","Dagger Spray","Predator"],"picked":"SKIP","floor":40.0},{"not_picked":["Flying Knee","Dagger Spray"],"picked":"Escape Plan","floor":42.0},{"not_picked":["Blur","Glass Knife"],"picked":"Caltrops+1","floor":45.0},{"not_picked":["Calculated Gamble","Accuracy","Concentrate"],"picked":"SKIP","floor":46.0},{"not_picked":["Dagger Throw","Prepared"],"picked":"Blade Dance+1","floor":47},{"not_picked":["Underhanded Strike","Expertise"],"picked":"Accuracy+1","floor":48},{"not_picked":["Dodge and Roll","Infinite Blades"],"picked":"Blade Dance","floor":49}],"player_experience":5662883,"relics_obtained":[{"floor":5.0,"key":"Strawberry"},{"floor":8.0,"key":"Juzu Bracelet"},{"floor":9.0,"key":"Vajra"},{"floor":14.0,"key":"Bag of Preparation"},{"floor":23.0,"key":"Centennial Puzzle"},{"floor":23.0,"key":"Whetstone"},{"floor":26.0,"key":"Bronze Scales"},{"floor":31.0,"key":"Dream Catcher"},{"floor":31.0,"key":"War Paint"},{"floor":40.0,"key":"StrikeDummy"},{"floor":40.0,"key":"Sundial"},{"floor":42.0,"key":"Girya"},{"floor":42.0,"key":"Ancient Tea Set"},{"floor":43.0,"key":"Mummified Hand"},{"floor":45.0,"key":"MealTicket"},{"floor":47,"key":"Orichalcum"},{"floor":47,"key":"Eternal Feather"}],"event_choices":[{"damage_healed":0.0,"max_hp_gain":0.0,"max_hp_loss":0.0,"gold_gain":0.0,"event_name":"Living Wall","player_choice":"Grow","floor":2.0,"gold_loss":0.0,"damage_taken":0.0,"cards_upgraded":["Neutralize"]},{"damage_healed":0.0,"max_hp_gain":5.0,"max_hp_loss":0.0,"gold_gain":0.0,"event_name":"Big Fish","player_choice":"Donut","floor":4.0,"gold_loss":0.0,"damage_taken":0.0},{"cards_removed":["Strike_G"],"damage_healed":0.0,"max_hp_gain":0.0,"max_hp_loss":0.0,"gold_gain":0.0,"event_name":"Golden Wing","player_choice":"Card Removal","floor":10.0,"gold_loss":0.0,"damage_taken":7.0},{"damage_healed":0.0,"max_hp_gain":0.0,"max_hp_loss":9.0,"gold_gain":0.0,"event_name":"Golden Idol","player_choice":"Lose Max HP","floor":11.0,"gold_loss":0.0,"damage_taken":0.0,"relics_obtained":["Golden Idol"]},{"cards_removed":["Strike_G"],"damage_healed":0.0,"max_hp_gain":0.0,"max_hp_loss":0.0,"gold_gain":0.0,"event_name":"The Cleric","player_choice":"Card Removal","floor":12.0,"gold_loss":75.0,"damage_taken":0.0},{"damage_healed":0.0,"max_hp_gain":0.0,"max_hp_loss":0.0,"gold_gain":0.0,"event_name":"The Mausoleum","player_choice":"Ignored","floor":19.0,"gold_loss":0.0,"damage_taken":0.0},{"damage_healed":0.0,"max_hp_gain":0.0,"max_hp_loss":0.0,"gold_gain":0.0,"event_name":"Cursed Tome","player_choice":"Ignored","floor":21.0,"gold_loss":0.0,"damage_taken":0.0},{"damage_healed":0.0,"max_hp_gain":0.0,"max_hp_loss":0.0,"gold_gain":0.0,"event_name":"Ghosts","player_choice":"Ignored","floor":29.0,"gold_loss":0.0,"damage_taken":0.0},{"damage_healed":0.0,"max_hp_gain":0.0,"max_hp_loss":0.0,"gold_gain":0.0,"event_name":"Tomb of Lord Red Mask","player_choice":"Ignored","floor":37.0,"gold_loss":0.0,"damage_taken":0.0}],"is_beta":false,"boss_relics":[{"not_picked":["Astrolabe","Snecko Eye"],"picked":"Black Star"},{"not_picked":["Pandora\u0027s Box","Tiny House"],"picked":"Philosopher\u0027s Stone"}],"items_purged_floors":[20,38],"is_endless":false,"potions_floor_spawned":[3,8,18,31,33,39,42,45,47],"ascension_level":15}