{"gold_per_floor":[365,383,127,144,144,170,170,170,193,228,60,71,103,117,117,195,195,208,188,49,60,12,12,42,92,92,126,138,172,183,183,183,256,256,273,273,124,170,25,57,68,68,68,82,100,100,0,28,28,28],"floor_reached":51,"playtime":2126,"items_purged":["Strike_G","Strike_G","Strike_G"],"score":1467,"play_id":"348ab022-e7db-4da7-8ff3-5e7620332787","local_time":"20230630161145","is_ascension_mode":true,"campfire_choices":[{"data":"Predator","floor":7.0,"key":"SMITH"},{"floor":15.0,"key":"REST"},{"data":"Phantasmal Killer","floor":23.0,"key":"SMITH"},{"data":"Calculated Gamble","floor":32.0,"key":"SMITH"},{"data":"Bullet Time","floor":42.0,"key":"SMITH"},{"data":"Neutralize","floor":46.0,"key":"SMITH"},{"data":"Dodge and Roll","floor":49.0,"key":"SMITH"}],"neow_cost":"TEN_PERCENT_HP_LOSS","seed_source_timestamp":146604868804700,"circlet_count":0,"master_deck":["AscendersBane","Strike_G+1","Strike_G+1","Defend_G","Defend_G","Defend_G","Defend_G","Defend_G","Survivor","Neutralize+1","Deflect","Cloak And Dagger","Predator+1","Blade Dance","Backstab","Blade Dance","Escape Plan","Footwork+1","Leg Sweep","Dagger Spray","Corpse Explosion","Footwork+1","Phantasmal Killer+1","PiercingWail","Caltrops+1","Dodge and Roll","Die Die Die","Calculated Gamble+1","Bullet Time+1","Swift Strike","Dodge and Roll+1","PiercingWail+1","Tactician+1","Reflex+1","Blade Dance+1"],"special_seed":0,"relics":["Ring of the Snake","Regal Pillow","Ninja Scroll","Blood Vial","Frozen Egg 2","Torii","Runic Pyramid","Whetstone","White Beast Statue","Bottled Lightning","Calipers","Coffee Dripper","Turnip","Pear","Toxic Egg 2","Juzu Bracelet","Red Mask","CeramicFish"],"potions_floor_usage":[50,50],"damage_taken":[{"damage":2.0,"enemies":"Jaw Worm","floor":1.0,"turns":4.0},{"damage":3.0,"enemies":"Small Slimes","floor":2.0,"turns":4.0},{"damage":0.0,"enemies":"2 Louse","floor":4.0,"turns":2.0},{"damage":18.0,"enemies":"3 Sentries","floor":6.0,"turns":10.0},{"damage":20.0,"enemies":"Lagavulin","floor":10.0,"turns":4.0},{"damage":0.0,"enemies":"Exordium Thugs","floor":12.0,"turns":3.0},{"damage":1.0,"enemies":"3 Sentries","floor":13.0,"turns":6.0},{"damage":0.0,"enemies":"Blue Slaver","floor":14.0,"turns":2.0},{"damage":44.0,"enemies":"Slime Boss","floor":16.0,"turns":12.0},{"damage":0.0,"enemies":"Chosen","floor":18.0,"turns":4.0},{"damage":1.0,"enemies":"2 Thieves","floor":21.0,"turns":2.0},{"damage":19.0,"enemies":"Gremlin Leader","floor":24.0,"turns":8.0},{"damage":5.0,"enemies":"Book of Stabbing","floor":27.0,"turns":6.0},{"damage":0.0,"enemies":"Centurion and Healer","floor":28.0,"turns":3.0},{"damage":0.0,"enemies":"Slavers","floor":29.0,"turns":4.0},{"damage":2.0,"enemies":"Snake Plant","floor":30.0,"turns":7.0},{"damage":1.0,"enemies":"Collector","floor":33.0,"turns":12.0},{"damage":0.0,"enemies":"Orb Walker","floor":35.0,"turns":2.0},{"damage":0.0,"enemies":"2 Orb Walkers","floor":38.0,"turns":4.0},{"damage":19.0,"enemies":"Reptomancer","floor":40.0,"turns":7.0},{"damage":0.0,"enemies":"3 Shapes","floor":41.0,"turns":4.0},{"damage":22.0,"enemies":"Spire Growth","floor":44.0,"turns":6.0},{"damage":0.0,"enemies":"Jaw Worm Horde","floor":45.0,"turns":5.0},{"damage":1.0,"enemies":"Nemesis","floor":48.0,"turns":3.0},{"damage":32,"enemies":"Donu and Deca","floor":50,"turns":10}],"seed_played":"8508803780536976445","potions_obtained":[{"floor":6.0,"key":"SkillPotion"},{"floor":12.0,"key":"EssenceOfSteel"},{"floor":13.0,"key":"Weak Potion"},{"floor":16.0,"key":"Regen Potion"},{"floor":19.0,"key":"GhostInAJar"},{"floor":24.0,"key":"Weak Potion"},{"floor":27.0,"key":"Poison Potion"},{"floor":28.0,"key":"FairyPotion"},{"floor":29.0,"key":"ColorlessPotion"},{"floor":30.0,"key":"AttackPotion"},{"floor":38.0,"key":"GhostInAJar"},{"floor":40.0,"key":"PowerPotion"},{"floor":44.0,"key":"Dexterity Potion"},{"floor":45.0,"key":"SteroidPotion"},{"floor":48.0,"key":"Dexterity Potion"}],"is_trial":false,"path_per_floor":["M","M","$","M","?","E","R","?","T","E","$","M","E","M","R","B",null,"M","?","$","M","$","R","E","?","T","E","M","E","M","?","R","B",null,"M","?","$","?","?","E","M","R","T","M","M","R","?","E","R","B",null],"character_chosen":"THE_SILENT","basemod:card_modifiers":[null,null,null,null,null,null,null,null,null,null,null,null,null,null,null,null,null,null,null,null,null,null,null,null,null,null,null,null,null,null,null,null,null,null,null],"items_purchased":["Predator","Blade Dance","SkillPotion","Footwork+1","Block Potion","Leg Sweep","Caltrops+1","Energy Potion","Dodge and Roll"],"campfire_rested":1,"item_purchase_floors":[3,3,3,11,11,11,20,22,37],"current_hp_per_floor":[57,54,54,54,54,36,36,25,25,7,7,9,10,12,45,3,46,60,60,60,59,59,59,41,35,35,32,34,36,36,36,36,37,54,56,56,56,58,68,51,53,53,53,33,35,35,35,36,36,6],"gold":28,"neow_bonus":"TWO_FIFTY_GOLD","is_prod":false,"is_daily":false,"chose_seed":false,"campfire_upgraded":6,"win_rate":0,"timestamp":1688166705,"path_taken":["M","M","$","M","?","E","R","?","T","E","$","M","E","?","R","BOSS","M","?","?","M","$","R","E","?","T","E","M","E","?","?","R","BOSS","M","?","$","?","?","E","M","R","T","M","M","R","?","E","R","BOSS"],"build_version":"2022-12-18","purchased_purges":3,"victory":true,"max_hp_per_floor":[60,60,60,60,60,60,60,60,60,60,60,60,60,60,60,60,60,60,60,60,60,60,60,60,60,60,60,60,60,60,60,60,60,60,60,60,60,60,70,70,70,70,70,70,70,70,70,70,70,70],"relic_stats":{"Regal Pillow":15,"Calipers":[28],"Torii":40,"counters":[25,134],"CeramicFish":0,"Juzu Bracelet":1,"Whetstone":["Strike_G","Strike_G"],"White Beast Statue":[0.0,0.02499840000000001,0.0,0.27258880000000013,0.0,0.4967808000000003,0.0,0.1935360000000001,0.0,0.012096000000000006,0.0,5.6048576],"Blood Vial":39,"Turnip":[0],"Bottled Lightning":"Phantasmal Killer","obtain_stats":[{"Regal Pillow":6,"Calipers":29,"Pear":39,"Torii":13,"CeramicFish":48,"Juzu Bracelet":43,"Whetstone":24,"Frozen Egg 2":10,"White Beast Statue":26,"Blood Vial":9,"Ninja Scroll":8,"Turnip":38,"Coffee Dripper":34,"Red Mask":47,"Bottled Lightning":27,"Toxic Egg 2":40,"Ring of the Snake":0,"Runic Pyramid":17},{"Regal Pillow":4,"Calipers":15,"Pear":19,"Torii":7,"CeramicFish":24,"Juzu Bracelet":21,"Whetstone":12,"Frozen Egg 2":5,"White Beast Statue":12,"Blood Vial":4,"Ninja Scroll":4,"Turnip":19,"Coffee Dripper":17,"Red Mask":23,"Bottled Lightning":13,"Toxic Egg 2":20,"Ring of the Snake":0,"Runic Pyramid":9},{"Regal Pillow":20,"Calipers":74,"Pear":99,"Torii":33,"CeramicFish":124,"Juzu Bracelet":110,"Whetstone":61,"Frozen Egg 2":24,"White Beast Statue":61,"Blood Vial":20,"Ninja Scroll":20,"Turnip":99,"Coffee Dripper":93,"Red Mask":121,"Bottled Lightning":67,"Toxic Egg 2":106,"Ring of the Snake":0,"Runic Pyramid":47}],"Ring of the Snake":[50]},"card_choices":[{"not_picked":["Cloak And Dagger","Escape Plan"],"picked":"Deflect","floor":1.0},{"not_picked":["Well Laid Plans","PiercingWail"],"picked":"Cloak And Dagger","floor":2.0},{"not_picked":["Acrobatics","Endless Agony"],"picked":"Backstab","floor":4.0},{"not_picked":["Prepared","Outmaneuver"],"picked":"Blade Dance","floor":6.0},{"not_picked":["Cloak And Dagger","Predator"],"picked":"Escape Plan","floor":10.0},{"not_picked":["Flying Knee","Deadly Poison"],"picked":"Dagger Spray","floor":12.0},{"not_picked":["Reflex","Flying Knee"],"picked":"Corpse Explosion","floor":13.0},{"not_picked":["Blur","Deadly Poison"],"picked":"Footwork+1","floor":14.0},{"not_picked":["Bullet Time","Grand Finale"],"picked":"Phantasmal Killer","floor":16.0},{"not_picked":["Masterful Stab","Bane"],"picked":"PiercingWail","floor":18.0},{"not_picked":["Bane","Flying Knee","Outmaneuver+1"],"picked":"SKIP","floor":21.0},{"not_picked":["All Out Attack","Dagger Spray"],"picked":"Dodge and Roll","floor":24.0},{"not_picked":["Poisoned Stab","Doppelganger"],"picked":"Die Die Die","floor":27.0},{"not_picked":["Dash","Prepared","Calculated Gamble"],"picked":"SKIP","floor":28.0},{"not_picked":["Dash","Prepared"],"picked":"Calculated Gamble","floor":28.0},{"not_picked":["Well Laid Plans+1","Reflex","Backflip"],"picked":"SKIP","floor":29.0},{"not_picked":["Sucker Punch","Finisher","PiercingWail"],"picked":"SKIP","floor":30.0},{"not_picked":["Venomology","Tools of the Trade+1"],"picked":"Bullet Time","floor":33.0},{"not_picked":["Flying Knee","Cloak And Dagger","Acrobatics"],"picked":"SKIP","floor":35.0},{"not_picked":["Discovery","Secret Technique"],"picked":"Swift Strike","floor":36.0},{"not_picked":["Deadly Poison+1","Prepared+1"],"picked":"PiercingWail+1","floor":40.0},{"not_picked":["Slice","Poisoned Stab"],"picked":"Tactician+1","floor":41.0},{"not_picked":["Choke","Bane"],"picked":"Reflex+1","floor":44.0},{"not_picked":["Bane","PiercingWail+1"],"picked":"Blade Dance+1","floor":45.0},{"not_picked":["Dagger Spray","Blade Dance+1","Eviscerate+1"],"picked":"SKIP","floor":48.0}],"player_experience":5714993,"relics_obtained":[{"floor":6.0,"key":"Regal Pillow"},{"floor":9.0,"key":"Blood Vial"},{"floor":10.0,"key":"Frozen Egg 2"},{"floor":13.0,"key":"Torii"},{"floor":24.0,"key":"Whetstone"},{"floor":26.0,"key":"White Beast Statue"},{"floor":27.0,"key":"Bottled Lightning"},{"floor":29.0,"key":"Calipers"},{"floor":38.0,"key":"Turnip"},{"floor":40.0,"key":"Toxic Egg 2"},{"floor":43.0,"key":"Juzu Bracelet"},{"floor":48.0,"key":"CeramicFish"}],"event_choices":[{"damage_healed":0.0,"max_hp_gain":0.0,"max_hp_loss":0.0,"gold_gain":0.0,"event_name":"Liars Game","player_choice":"Ignored","floor":5.0,"gold_loss":0.0,"damage_taken":0.0},{"damage_healed":0.0,"max_hp_gain":0.0,"max_hp_loss":0.0,"gold_gain":0.0,"event_name":"Scrap Ooze","player_choice":"Success","floor":8.0,"gold_loss":0.0,"damage_taken":11.0,"relics_obtained":["Ninja Scroll"]},{"damage_healed":0.0,"max_hp_gain":0.0,"max_hp_loss":0.0,"gold_gain":0.0,"event_name":"The Woman in Blue","player_choice":"Bought 1 Potion","floor":19.0,"gold_loss":0.0,"damage_taken":0.0},{"damage_healed":0.0,"max_hp_gain":0.0,"max_hp_loss":0.0,"gold_gain":50.0,"event_name":"FaceTrader","player_choice":"Touch","floor":25.0,"gold_loss":0.0,"damage_taken":6.0},{"damage_healed":0.0,"max_hp_gain":0.0,"max_hp_loss":0.0,"gold_gain":0.0,"event_name":"Vampires","player_choice":"Ignored","floor":31.0,"gold_loss":0.0,"damage_taken":0.0},{"damage_healed":0.0,"max_hp_gain":0.0,"max_hp_loss":0.0,"gold_gain":0.0,"event_name":"SensoryStone","player_choice":"Memory 1","floor":36.0,"gold_loss":0.0,"damage_taken":0.0},{"damage_healed":0.0,"max_hp_gain":0.0,"max_hp_loss":0.0,"gold_gain":0.0,"event_name":"Mysterious Sphere","player_choice":"Fight","floor":38.0,"gold_loss":0.0,"damage_taken":0.0},{"damage_healed":0.0,"max_hp_gain":0.0,"max_hp_loss":0.0,"gold_gain":0.0,"event_name":"WeMeetAgain","player_choice":"Paid Gold","floor":39.0,"gold_loss":145.0,"damage_taken":0.0,"relics_obtained":["Pear"]},{"damage_healed":0.0,"max_hp_gain":0.0,"max_hp_loss":0.0,"gold_gain":0.0,"event_name":"Tomb of Lord Red Mask","player_choice":"Paid","floor":47.0,"gold_loss":100.0,"damage_taken":0.0,"relics_obtained":["Red Mask"]}],"is_beta":false,"boss_relics":[{"not_picked":["Busted Crown","Runic Dome"],"picked":"Runic Pyramid"},{"not_picked":["Velvet Choker","Fusion Hammer"],"picked":"Coffee Dripper"}],"items_purged_floors":[3,20,37],"is_endless":false,"potions_floor_spawned":[6,12,13,16,24,27,28,29,30,33,35,38,40,41,44,45,48],"ascension_level":15}