{"gold_per_floor":[118,130,130,130,205,205,236,37,61,73,73,86,119,130,130,209,209,229,240,240,240,93,93,123,142,142,142,142,42,62,89,89,163,163,178,178,190,208,219,219,244,244,244,276,288,312,340,87,87,87],"floor_reached":51,"playtime":1770,"items_purged":["Strike_G","Strike_G","Strike_G"],"score":1328,"play_id":"2b786506-403e-4fef-aa63-d221ce04886c","local_time":"20230629162030","is_ascension_mode":true,"campfire_choices":[{"data":"Terror","floor":6,"key":"SMITH"},{"data":"Blade Dance","floor":11,"key":"SMITH"},{"data":"Accuracy","floor":15,"key":"SMITH"},{"floor":23,"key":"REST"},{"floor":27,"key":"REST"},{"data":"A Thousand Cuts","floor":32,"key":"SMITH"},{"data":"Well Laid Plans","floor":40,"key":"SMITH"},{"data":"Footwork","floor":42,"key":"SMITH"},{"floor":49,"key":"REST"}],"neow_cost":"NONE","seed_source_timestamp":61389110071100,"circlet_count":0,"master_deck":["AscendersBane","Strike_G","Strike_G","Defend_G","Defend_G","Defend_G","Defend_G","Defend_G","Survivor","Neutralize","Accuracy+1","Terror+1","Flying Knee","Blade Dance+1","All Out Attack","Deflect","Malaise","Heel Hook+1","Blade Dance+1","Blur+1","A Thousand Cuts+1","Footwork+1","PiercingWail","Footwork","Burst","Well Laid Plans+1","Dodge and Roll+1","Acrobatics","Glass Knife","Prepared+1","Blade Dance"],"relics":["Ring of the Snake","NeowsBlessing","Letter Opener","PreservedInsect","Bottled Lightning","Sozu","Enchiridion","DollysMirror","Ice Cream","Shuriken","The Courier","WristBlade","Mercury Hourglass","CeramicFish","Shovel","Blood Vial","Oddly Smooth Stone"],"potions_floor_usage":[16,50],"damage_taken":[{"damage":0,"enemies":"2 Louse","floor":1,"turns":1},{"damage":0,"enemies":"Small Slimes","floor":2,"turns":1},{"damage":0,"enemies":"Gremlin Nob","floor":7,"turns":1},{"damage":8,"enemies":"Jaw Worm","floor":10,"turns":4},{"damage":0,"enemies":"2 Fungi Beasts","floor":12,"turns":3},{"damage":10,"enemies":"3 Sentries","floor":13,"turns":4},{"damage":3,"enemies":"Exordium Wildlife","floor":14,"turns":3},{"damage":27,"enemies":"Slime Boss","floor":16,"turns":9},{"damage":2,"enemies":"Chosen","floor":18,"turns":4},{"damage":0,"enemies":"3 Byrds","floor":19,"turns":4},{"damage":13,"enemies":"Book of Stabbing","floor":24,"turns":4},{"damage":4,"enemies":"Snecko","floor":25,"turns":4},{"damage":6,"enemies":"Snake Plant","floor":30,"turns":6},{"damage":7,"enemies":"Slavers","floor":31,"turns":3},{"damage":41,"enemies":"Collector","floor":33,"turns":7},{"damage":0,"enemies":"Orb Walker","floor":35,"turns":2},{"damage":0,"enemies":"3 Shapes","floor":37,"turns":5},{"damage":0,"enemies":"Sphere and 2 Shapes","floor":38,"turns":3},{"damage":4,"enemies":"Writhing Mass","floor":39,"turns":5},{"damage":12,"enemies":"Nemesis","floor":41,"turns":4},{"damage":9,"enemies":"Giant Head","floor":44,"turns":6},{"damage":7,"enemies":"4 Shapes","floor":45,"turns":4},{"damage":5,"enemies":"3 Darklings","floor":47,"turns":4},{"damage":37,"enemies":"Awakened One","floor":50,"turns":10}],"seed_played":"-8297360958902255433","potions_obtained":[{"floor":7,"key":"PowerPotion"},{"floor":16,"key":"DuplicationPotion"}],"is_trial":false,"path_per_floor":["M","M","?","?","?","R","E","$","T","M","R","M","E","M","R","B",null,"M","M","?","?","$","R","E","M","T","R","?","$","M","E","R","B",null,"M","?","M","M","M","R","E","R","T","E","M","T","M","$","R","B",null],"character_chosen":"THE_SILENT","basemod:card_modifiers":[null,null,null,null,null,null,null,null,null,null,null,null,null,null,null,null,null,null,null,null,null,null,null,null,null,null,null,null,null,null,null],"items_purchased":["Dash","AttackPotion","DollysMirror","Blade Dance","Oddly Smooth Stone"],"campfire_rested":3,"item_purchase_floors":[8,8,22,48,48],"current_hp_per_floor":[59,59,64,64,53,53,53,53,53,45,45,45,35,32,32,5,55,53,53,53,32,32,53,40,36,36,57,57,57,51,44,44,3,54,54,71,71,71,67,67,55,55,55,46,39,39,36,36,57,22],"gold":87,"neow_bonus":"THREE_ENEMY_KILL","is_prod":false,"is_daily":false,"chose_seed":false,"campfire_upgraded":6,"win_rate":0,"timestamp":1688080830,"path_taken":["M","M","?","?","?","R","E","?","T","M","R","M","E","M","R","BOSS","M","M","?","?","$","R","E","M","T","R","?","$","M","E","R","BOSS","M","?","M","M","M","R","E","R","T","E","?","?","M","$","R","BOSS"],"build_version":"2022-12-18","purchased_purges":3,"victory":true,"max_hp_per_floor":[66,66,71,71,71,71,71,71,71,71,71,71,71,71,71,71,71,71,71,71,71,71,71,71,71,71,71,71,71,71,71,71,71,71,71,71,71,71,71,71,71,71,71,71,71,71,71,71,71,71],"relic_stats":{"Ice Cream":[10],"counters":[24,101],"CeramicFish":18,"PreservedInsect":295,"The Courier":66,"Letter Opener":[268],"Mercury Hourglass":[117],"Sozu":6,"Blood Vial":4,"Shovel":0,"Shuriken":[29],"Bottled Lightning":"Terror","obtain_stats":[{"Ice Cream":24,"NeowsBlessing":0,"CeramicFish":43,"Enchiridion":21,"Oddly Smooth Stone":48,"PreservedInsect":9,"The Courier":31,"Letter Opener":7,"Mercury Hourglass":41,"Sozu":17,"Blood Vial":46,"Shovel":44,"WristBlade":34,"DollysMirror":22,"Shuriken":26,"Bottled Lightning":13,"Ring of the Snake":0},{"Ice Cream":11,"NeowsBlessing":0,"CeramicFish":20,"Enchiridion":10,"Oddly Smooth Stone":23,"PreservedInsect":3,"The Courier":14,"Letter Opener":3,"Mercury Hourglass":20,"Sozu":8,"Blood Vial":22,"Shovel":21,"WristBlade":15,"DollysMirror":10,"Shuriken":12,"Bottled Lightning":6,"Ring of the Snake":0},{"Ice Cream":38,"NeowsBlessing":0,"CeramicFish":77,"Enchiridion":34,"Oddly Smooth Stone":91,"PreservedInsect":3,"The Courier":51,"Letter Opener":3,"Mercury Hourglass":77,"Sozu":26,"Blood Vial":87,"Shovel":83,"WristBlade":58,"DollysMirror":34,"Shuriken":42,"Bottled Lightning":14,"Ring of the Snake":0}],"Ring of the Snake":[48]},"card_choices":[{"not_picked":["Deadly Poison","Underhanded Strike"],"picked":"Accuracy","floor":1},{"not_picked":["Dagger Spray","Calculated Gamble"],"picked":"Terror","floor":2},{"not_picked":["Prepared","Malaise"],"picked":"Flying Knee","floor":7},{"not_picked":["Acrobatics","Poisoned Stab"],"picked":"Blade Dance","floor":10},{"not_picked":["Skewer","Dash"],"picked":"All Out Attack","floor":12},{"not_picked":["Heel Hook","Tactician","Riddle With Holes"],"picked":"SKIP","floor":13},{"not_picked":["Masterful Stab","Outmaneuver"],"picked":"Deflect","floor":14},{"not_picked":["Night Terror","Doppelganger"],"picked":"Malaise","floor":16},{"not_picked":["Flechettes","Setup+1"],"picked":"Heel Hook+1","floor":18},{"not_picked":["Masterful Stab","Sucker Punch","Deadly Poison+1"],"picked":"SKIP","floor":19},{"not_picked":["Dagger Spray","Escape Plan"],"picked":"Blur+1","floor":24},{"not_picked":["Expertise","Dagger Throw"],"picked":"A Thousand Cuts","floor":25},{"not_picked":["Endless Agony","Deadly Poison"],"picked":"PiercingWail","floor":30},{"not_picked":["Prepared","Catalyst"],"picked":"Footwork","floor":31},{"not_picked":["Venomology","Tools of the Trade"],"picked":"Burst","floor":33},{"not_picked":["Flechettes","PiercingWail"],"picked":"Well Laid Plans","floor":35},{"not_picked":["Sucker Punch","Outmaneuver","Terror"],"picked":"SKIP","floor":37},{"not_picked":["Predator","Bane"],"picked":"Dodge and Roll+1","floor":38},{"not_picked":["Riddle With Holes+1","Prepared"],"picked":"Acrobatics","floor":39},{"not_picked":["Storm of Steel","Backstab"],"picked":"Glass Knife","floor":41},{"not_picked":["Dagger Throw","Bane","Concentrate"],"picked":"SKIP","floor":44},{"not_picked":["Poisoned Stab","Dash","Sucker Punch"],"picked":"SKIP","floor":45},{"not_picked":["Quick Slash","Dagger Spray"],"picked":"Prepared+1","floor":47}],"player_experience":5711232,"relics_obtained":[{"floor":7,"key":"Letter Opener"},{"floor":9,"key":"PreservedInsect"},{"floor":13,"key":"Bottled Lightning"},{"floor":21,"key":"Enchiridion"},{"floor":24,"key":"Ice Cream"},{"floor":26,"key":"Shuriken"},{"floor":31,"key":"The Courier"},{"floor":41,"key":"Mercury Hourglass"},{"floor":43,"key":"CeramicFish"},{"floor":44,"key":"Shovel"},{"floor":46,"key":"Blood Vial"}],"event_choices":[{"damage_healed":0,"gold_gain":0,"player_choice":"Donut","damage_taken":0,"max_hp_gain":5,"max_hp_loss":0,"event_name":"Big Fish","floor":3,"gold_loss":0},{"damage_healed":0,"gold_gain":0,"player_choice":"Ignored","damage_taken":0,"max_hp_gain":0,"max_hp_loss":0,"event_name":"Golden Wing","floor":4,"gold_loss":0},{"damage_healed":0,"gold_gain":75,"player_choice":"Gather Gold","damage_taken":11,"max_hp_gain":0,"max_hp_loss":0,"event_name":"World of Goop","floor":5,"gold_loss":0},{"damage_healed":0,"gold_gain":0,"player_choice":"Ignored","damage_taken":0,"max_hp_gain":0,"max_hp_loss":0,"event_name":"Ghosts","floor":20,"gold_loss":0},{"damage_healed":0,"gold_gain":0,"player_choice":"Obtained Book","damage_taken":21,"max_hp_gain":0,"max_hp_loss":0,"event_name":"Cursed Tome","floor":21,"gold_loss":0},{"damage_healed":0,"gold_gain":0,"player_choice":"Read","damage_taken":0,"max_hp_gain":0,"max_hp_loss":0,"event_name":"The Library","floor":28,"gold_loss":0,"cards_obtained":["Footwork"]},{"cards_removed":["Dash"],"damage_healed":17,"gold_gain":0,"player_choice":"Offered Uncommon","damage_taken":0,"max_hp_gain":0,"max_hp_loss":0,"event_name":"Bonfire Elementals","floor":36,"gold_loss":0}],"is_beta":false,"boss_relics":[{"not_picked":["SacredBark","Ectoplasm"],"picked":"Sozu"},{"not_picked":["HoveringKite","SlaversCollar"],"picked":"WristBlade"}],"items_purged_floors":[8,29,48],"is_endless":false,"potions_floor_spawned":[7,10,14,16,19,24,33,37,38,44],"ascension_level":15}